%YAML 1.1
%TAG !u! tag:unity3d.com,2011:
--- !u!29 &1
OcclusionCullingSettings:
  m_ObjectHideFlags: 0
  serializedVersion: 2
  m_OcclusionBakeSettings:
    smallestOccluder: 5
    smallestHole: 0.25
    backfaceThreshold: 100
  m_SceneGUID: 00000000000000000000000000000000
  m_OcclusionCullingData: {fileID: 0}
--- !u!104 &2
RenderSettings:
  m_ObjectHideFlags: 0
  serializedVersion: 9
  m_Fog: 0
  m_FogColor: {r: 0.5, g: 0.5, b: 0.5, a: 1}
  m_FogMode: 3
  m_FogDensity: 0.01
  m_LinearFogStart: 0
  m_LinearFogEnd: 300
  m_AmbientSkyColor: {r: 0.212, g: 0.227, b: 0.259, a: 1}
  m_AmbientEquatorColor: {r: 0.114, g: 0.125, b: 0.133, a: 1}
  m_AmbientGroundColor: {r: 0.047, g: 0.043, b: 0.035, a: 1}
  m_AmbientIntensity: 1
  m_AmbientMode: 3
  m_SubtractiveShadowColor: {r: 0.42, g: 0.478, b: 0.627, a: 1}
  m_SkyboxMaterial: {fileID: 0}
  m_HaloStrength: 0.5
  m_FlareStrength: 1
  m_FlareFadeSpeed: 3
  m_HaloTexture: {fileID: 0}
  m_SpotCookie: {fileID: 10001, guid: 0000000000000000e000000000000000, type: 0}
  m_DefaultReflectionMode: 0
  m_DefaultReflectionResolution: 128
  m_ReflectionBounces: 1
  m_ReflectionIntensity: 1
  m_CustomReflection: {fileID: 0}
  m_Sun: {fileID: 0}
  m_IndirectSpecularColor: {r: 0, g: 0, b: 0, a: 1}
  m_UseRadianceAmbientProbe: 0
--- !u!157 &3
LightmapSettings:
  m_ObjectHideFlags: 0
  serializedVersion: 12
  m_GIWorkflowMode: 1
  m_GISettings:
    serializedVersion: 2
    m_BounceScale: 1
    m_IndirectOutputScale: 1
    m_AlbedoBoost: 1
    m_EnvironmentLightingMode: 0
    m_EnableBakedLightmaps: 0
    m_EnableRealtimeLightmaps: 0
  m_LightmapEditorSettings:
    serializedVersion: 12
    m_Resolution: 2
    m_BakeResolution: 40
    m_AtlasSize: 1024
    m_AO: 0
    m_AOMaxDistance: 1
    m_CompAOExponent: 1
    m_CompAOExponentDirect: 0
    m_ExtractAmbientOcclusion: 0
    m_Padding: 2
    m_LightmapParameters: {fileID: 0}
    m_LightmapsBakeMode: 1
    m_TextureCompression: 1
    m_FinalGather: 0
    m_FinalGatherFiltering: 1
    m_FinalGatherRayCount: 256
    m_ReflectionCompression: 2
    m_MixedBakeMode: 2
    m_BakeBackend: 1
    m_PVRSampling: 1
    m_PVRDirectSampleCount: 32
    m_PVRSampleCount: 512
    m_PVRBounces: 2
    m_PVREnvironmentSampleCount: 256
    m_PVREnvironmentReferencePointCount: 2048
    m_PVRFilteringMode: 1
    m_PVRDenoiserTypeDirect: 1
    m_PVRDenoiserTypeIndirect: 1
    m_PVRDenoiserTypeAO: 1
    m_PVRFilterTypeDirect: 0
    m_PVRFilterTypeIndirect: 0
    m_PVRFilterTypeAO: 0
    m_PVREnvironmentMIS: 1
    m_PVRCulling: 1
    m_PVRFilteringGaussRadiusDirect: 1
    m_PVRFilteringGaussRadiusIndirect: 5
    m_PVRFilteringGaussRadiusAO: 2
    m_PVRFilteringAtrousPositionSigmaDirect: 0.5
    m_PVRFilteringAtrousPositionSigmaIndirect: 2
    m_PVRFilteringAtrousPositionSigmaAO: 1
    m_ExportTrainingData: 0
    m_TrainingDataDestination: TrainingData
    m_LightProbeSampleCountMultiplier: 4
  m_LightingDataAsset: {fileID: 0}
  m_LightingSettings: {fileID: 0}
--- !u!196 &4
NavMeshSettings:
  serializedVersion: 2
  m_ObjectHideFlags: 0
  m_BuildSettings:
    serializedVersion: 3
    agentTypeID: 0
    agentRadius: 0.5
    agentHeight: 2
    agentSlope: 45
    agentClimb: 0.4
    ledgeDropHeight: 0
    maxJumpAcrossDistance: 0
    minRegionArea: 2
    manualCellSize: 0
    cellSize: 0.16666667
    manualTileSize: 0
    tileSize: 256
    buildHeightMesh: 0
    maxJobWorkers: 0
    preserveTilesOutsideBounds: 0
    debug:
      m_Flags: 0
  m_NavMeshData: {fileID: 0}
--- !u!1001 &71491008
PrefabInstance:
  m_ObjectHideFlags: 0
  serializedVersion: 2
  m_Modification:
    serializedVersion: 3
    m_TransformParent: {fileID: 0}
    m_Modifications:
    - target: {fileID: 6238474914347051825, guid: ae87e526d9e2f374abbd289605557fc6, type: 3}
      propertyPath: m_LocalPosition.x
      value: 0
      objectReference: {fileID: 0}
    - target: {fileID: 6238474914347051825, guid: ae87e526d9e2f374abbd289605557fc6, type: 3}
      propertyPath: m_LocalPosition.y
      value: 0
      objectReference: {fileID: 0}
    - target: {fileID: 6238474914347051825, guid: ae87e526d9e2f374abbd289605557fc6, type: 3}
      propertyPath: m_LocalPosition.z
      value: 0
      objectReference: {fileID: 0}
    - target: {fileID: 6238474914347051825, guid: ae87e526d9e2f374abbd289605557fc6, type: 3}
      propertyPath: m_LocalRotation.w
      value: 1
      objectReference: {fileID: 0}
    - target: {fileID: 6238474914347051825, guid: ae87e526d9e2f374abbd289605557fc6, type: 3}
      propertyPath: m_LocalRotation.x
      value: 0
      objectReference: {fileID: 0}
    - target: {fileID: 6238474914347051825, guid: ae87e526d9e2f374abbd289605557fc6, type: 3}
      propertyPath: m_LocalRotation.y
      value: 0
      objectReference: {fileID: 0}
    - target: {fileID: 6238474914347051825, guid: ae87e526d9e2f374abbd289605557fc6, type: 3}
      propertyPath: m_LocalRotation.z
      value: 0
      objectReference: {fileID: 0}
    - target: {fileID: 6238474914347051825, guid: ae87e526d9e2f374abbd289605557fc6, type: 3}
      propertyPath: m_LocalEulerAnglesHint.x
      value: 0
      objectReference: {fileID: 0}
    - target: {fileID: 6238474914347051825, guid: ae87e526d9e2f374abbd289605557fc6, type: 3}
      propertyPath: m_LocalEulerAnglesHint.y
      value: 0
      objectReference: {fileID: 0}
    - target: {fileID: 6238474914347051825, guid: ae87e526d9e2f374abbd289605557fc6, type: 3}
      propertyPath: m_LocalEulerAnglesHint.z
      value: 0
      objectReference: {fileID: 0}
    - target: {fileID: 6238474914347051826, guid: ae87e526d9e2f374abbd289605557fc6, type: 3}
      propertyPath: m_Name
      value: Input
      objectReference: {fileID: 0}
    - target: {fileID: 6238474914347051839, guid: ae87e526d9e2f374abbd289605557fc6, type: 3}
      propertyPath: missEffect
      value: 
      objectReference: {fileID: 0}
    m_RemovedComponents: []
    m_RemovedGameObjects: []
    m_AddedGameObjects: []
    m_AddedComponents: []
  m_SourcePrefab: {fileID: 100100000, guid: ae87e526d9e2f374abbd289605557fc6, type: 3}
--- !u!1 &107841452
GameObject:
  m_ObjectHideFlags: 0
  m_CorrespondingSourceObject: {fileID: 0}
  m_PrefabInstance: {fileID: 0}
  m_PrefabAsset: {fileID: 0}
  serializedVersion: 6
  m_Component:
  - component: {fileID: 107841454}
  - component: {fileID: 107841453}
  m_Layer: 0
  m_Name: SceneController
  m_TagString: Untagged
  m_Icon: {fileID: 0}
  m_NavMeshLayer: 0
  m_StaticEditorFlags: 0
  m_IsActive: 1
--- !u!114 &107841453
MonoBehaviour:
  m_ObjectHideFlags: 0
  m_CorrespondingSourceObject: {fileID: 0}
  m_PrefabInstance: {fileID: 0}
  m_PrefabAsset: {fileID: 0}
  m_GameObject: {fileID: 107841452}
  m_Enabled: 1
  m_EditorHideFlags: 0
  m_Script: {fileID: 11500000, guid: 3f4ddd73eeec6d543bb52a84988f724c, type: 3}
  m_Name: 
  m_EditorClassIdentifier: 
  keyboardPf: {fileID: 2812543586123821058, guid: 63f574ea90520314f977d84b5d6c7ca3, type: 3}
  buttons:
  - {fileID: 768749371}
  - {fileID: 169670835}
  scoreboard: {fileID: 368209160}
--- !u!4 &107841454
Transform:
  m_ObjectHideFlags: 0
  m_CorrespondingSourceObject: {fileID: 0}
  m_PrefabInstance: {fileID: 0}
  m_PrefabAsset: {fileID: 0}
  m_GameObject: {fileID: 107841452}
  serializedVersion: 2
  m_LocalRotation: {x: 0, y: 0, z: 0, w: 1}
  m_LocalPosition: {x: -3.2481606, y: -0.7625164, z: -0.13856432}
  m_LocalScale: {x: 1, y: 1, z: 1}
  m_ConstrainProportionsScale: 0
  m_Children: []
  m_Father: {fileID: 0}
  m_LocalEulerAnglesHint: {x: 0, y: 0, z: 0}
--- !u!1001 &169670834
PrefabInstance:
  m_ObjectHideFlags: 0
  serializedVersion: 2
  m_Modification:
    serializedVersion: 3
    m_TransformParent: {fileID: 1809845743}
    m_Modifications:
    - target: {fileID: 5266641823265032027, guid: 336811e851e77f6409f45ab9a948cb60, type: 3}
      propertyPath: m_LocalPosition.x
      value: 3.899
      objectReference: {fileID: 0}
    - target: {fileID: 5266641823265032027, guid: 336811e851e77f6409f45ab9a948cb60, type: 3}
      propertyPath: m_LocalPosition.y
      value: -4.17302
      objectReference: {fileID: 0}
    - target: {fileID: 5266641823265032027, guid: 336811e851e77f6409f45ab9a948cb60, type: 3}
      propertyPath: m_LocalPosition.z
      value: -0.092057474
      objectReference: {fileID: 0}
    - target: {fileID: 5266641823265032027, guid: 336811e851e77f6409f45ab9a948cb60, type: 3}
      propertyPath: m_LocalRotation.w
      value: 1
      objectReference: {fileID: 0}
    - target: {fileID: 5266641823265032027, guid: 336811e851e77f6409f45ab9a948cb60, type: 3}
      propertyPath: m_LocalRotation.x
      value: -0
      objectReference: {fileID: 0}
    - target: {fileID: 5266641823265032027, guid: 336811e851e77f6409f45ab9a948cb60, type: 3}
      propertyPath: m_LocalRotation.y
      value: -0
      objectReference: {fileID: 0}
    - target: {fileID: 5266641823265032027, guid: 336811e851e77f6409f45ab9a948cb60, type: 3}
      propertyPath: m_LocalRotation.z
      value: -0
      objectReference: {fileID: 0}
    - target: {fileID: 5266641823265032027, guid: 336811e851e77f6409f45ab9a948cb60, type: 3}
      propertyPath: m_LocalEulerAnglesHint.x
      value: 0
      objectReference: {fileID: 0}
    - target: {fileID: 5266641823265032027, guid: 336811e851e77f6409f45ab9a948cb60, type: 3}
      propertyPath: m_LocalEulerAnglesHint.y
      value: 0
      objectReference: {fileID: 0}
    - target: {fileID: 5266641823265032027, guid: 336811e851e77f6409f45ab9a948cb60, type: 3}
      propertyPath: m_LocalEulerAnglesHint.z
      value: 0
      objectReference: {fileID: 0}
    - target: {fileID: 7930192334394114546, guid: 336811e851e77f6409f45ab9a948cb60, type: 3}
      propertyPath: m_Name
      value: MainMenuButton
      objectReference: {fileID: 0}
    - target: {fileID: 8482148625194580062, guid: 336811e851e77f6409f45ab9a948cb60, type: 3}
      propertyPath: m_text
      value: "Hlavn\xED menu"
      objectReference: {fileID: 0}
    m_RemovedComponents: []
    m_RemovedGameObjects: []
    m_AddedGameObjects: []
    m_AddedComponents:
    - targetCorrespondingSourceObject: {fileID: 7930192334394114546, guid: 336811e851e77f6409f45ab9a948cb60, type: 3}
      insertIndex: -1
      addedObject: {fileID: 1202502491}
    - targetCorrespondingSourceObject: {fileID: 8102137585613914363, guid: 336811e851e77f6409f45ab9a948cb60, type: 3}
      insertIndex: -1
      addedObject: {fileID: 0}
  m_SourcePrefab: {fileID: 100100000, guid: 336811e851e77f6409f45ab9a948cb60, type: 3}
--- !u!114 &169670835 stripped
MonoBehaviour:
  m_CorrespondingSourceObject: {fileID: 5786181391367350108, guid: 336811e851e77f6409f45ab9a948cb60, type: 3}
  m_PrefabInstance: {fileID: 169670834}
  m_PrefabAsset: {fileID: 0}
  m_GameObject: {fileID: 1202502489}
  m_Enabled: 1
  m_EditorHideFlags: 0
  m_Script: {fileID: 11500000, guid: 2af5ae74d48c5b94f9870a390866ed0a, type: 3}
  m_Name: 
  m_EditorClassIdentifier: 
--- !u!1001 &368209159
PrefabInstance:
  m_ObjectHideFlags: 0
  serializedVersion: 2
  m_Modification:
    serializedVersion: 3
    m_TransformParent: {fileID: 1809845743}
    m_Modifications:
    - target: {fileID: 2447789324025984649, guid: c5c9da20c6ceb7d47b5af264c71d43b2, type: 3}
      propertyPath: m_Name
      value: Scoreboard
      objectReference: {fileID: 0}
    - target: {fileID: 2447789324025984650, guid: c5c9da20c6ceb7d47b5af264c71d43b2, type: 3}
      propertyPath: m_text
      value: '<align=left>The Galactic Glue Guns<line-height=0>

        <align=right>705<line-height=1em>

        <align=left>Cosmic
        Carpenters<line-height=0>

        <align=right>635<line-height=1em>

        <align=left>Interstellar
        Innovators<line-height=0>

        <align=right>485<line-height=1em>

        <align=left>Galactic
        Gurus<line-height=0>

        <align=right>420<line-height=1em>

        <align=left>Astro
        Architects<line-height=0>

        <align=right>345<line-height=1em>

        <align=left>Repair
        Rangers<line-height=0>

        <align=right>110<line-height=1em>

        <align=left>Repair
        Rocketeers<line-height=0>

        <align=right>105<line-height=1em>

        <align=left>Space
        Spanners<line-height=0>

        <align=right>65<line-height=1em>

        <align=left>Space
        Saviors<line-height=0>

        <align=right>50<line-height=1em>

        <align=left>Cosmic
        Constructors<line-height=0>

        <align=right>25<line-height=1em>

'
      objectReference: {fileID: 0}
    - target: {fileID: 2447789324025984650, guid: c5c9da20c6ceb7d47b5af264c71d43b2, type: 3}
      propertyPath: m_fontAsset
      value: 
      objectReference: {fileID: 11400000, guid: f98c65268aa6fe742b8206668a8cece7, type: 2}
    - target: {fileID: 2447789324025984650, guid: c5c9da20c6ceb7d47b5af264c71d43b2, type: 3}
      propertyPath: m_sharedMaterial
      value: 
      objectReference: {fileID: 822524638213763214, guid: f98c65268aa6fe742b8206668a8cece7, type: 2}
    - target: {fileID: 2447789324025984650, guid: c5c9da20c6ceb7d47b5af264c71d43b2, type: 3}
      propertyPath: m_hasFontAssetChanged
      value: 0
      objectReference: {fileID: 0}
    - target: {fileID: 2447789324025984651, guid: c5c9da20c6ceb7d47b5af264c71d43b2, type: 3}
      propertyPath: m_SortingLayer
      value: 1
      objectReference: {fileID: 0}
    - target: {fileID: 2447789324025984651, guid: c5c9da20c6ceb7d47b5af264c71d43b2, type: 3}
      propertyPath: m_SortingOrder
      value: 10
      objectReference: {fileID: 0}
    - target: {fileID: 2447789324025984651, guid: c5c9da20c6ceb7d47b5af264c71d43b2, type: 3}
      propertyPath: m_SortingLayerID
      value: 893942277
      objectReference: {fileID: 0}
    - target: {fileID: 2447789324025984651, guid: c5c9da20c6ceb7d47b5af264c71d43b2, type: 3}
      propertyPath: m_Materials.Array.data[0]
      value: 
      objectReference: {fileID: 822524638213763214, guid: f98c65268aa6fe742b8206668a8cece7, type: 2}
    - target: {fileID: 2447789324025984692, guid: c5c9da20c6ceb7d47b5af264c71d43b2, type: 3}
      propertyPath: m_Pivot.x
      value: 0.5
      objectReference: {fileID: 0}
    - target: {fileID: 2447789324025984692, guid: c5c9da20c6ceb7d47b5af264c71d43b2, type: 3}
      propertyPath: m_Pivot.y
      value: 0.5
      objectReference: {fileID: 0}
    - target: {fileID: 2447789324025984692, guid: c5c9da20c6ceb7d47b5af264c71d43b2, type: 3}
      propertyPath: m_AnchorMax.x
      value: 0.5
      objectReference: {fileID: 0}
    - target: {fileID: 2447789324025984692, guid: c5c9da20c6ceb7d47b5af264c71d43b2, type: 3}
      propertyPath: m_AnchorMax.y
      value: 0.5
      objectReference: {fileID: 0}
    - target: {fileID: 2447789324025984692, guid: c5c9da20c6ceb7d47b5af264c71d43b2, type: 3}
      propertyPath: m_AnchorMin.x
      value: 0.5
      objectReference: {fileID: 0}
    - target: {fileID: 2447789324025984692, guid: c5c9da20c6ceb7d47b5af264c71d43b2, type: 3}
      propertyPath: m_AnchorMin.y
      value: 0.5
      objectReference: {fileID: 0}
    - target: {fileID: 2447789324025984692, guid: c5c9da20c6ceb7d47b5af264c71d43b2, type: 3}
      propertyPath: m_SizeDelta.x
      value: 10.3697
      objectReference: {fileID: 0}
    - target: {fileID: 2447789324025984692, guid: c5c9da20c6ceb7d47b5af264c71d43b2, type: 3}
      propertyPath: m_SizeDelta.y
      value: 4.3678
      objectReference: {fileID: 0}
    - target: {fileID: 2447789324025984692, guid: c5c9da20c6ceb7d47b5af264c71d43b2, type: 3}
      propertyPath: m_LocalPosition.x
      value: 0
      objectReference: {fileID: 0}
    - target: {fileID: 2447789324025984692, guid: c5c9da20c6ceb7d47b5af264c71d43b2, type: 3}
      propertyPath: m_LocalPosition.y
      value: 0
      objectReference: {fileID: 0}
    - target: {fileID: 2447789324025984692, guid: c5c9da20c6ceb7d47b5af264c71d43b2, type: 3}
      propertyPath: m_LocalPosition.z
      value: 0
      objectReference: {fileID: 0}
    - target: {fileID: 2447789324025984692, guid: c5c9da20c6ceb7d47b5af264c71d43b2, type: 3}
      propertyPath: m_LocalRotation.w
      value: 1
      objectReference: {fileID: 0}
    - target: {fileID: 2447789324025984692, guid: c5c9da20c6ceb7d47b5af264c71d43b2, type: 3}
      propertyPath: m_LocalRotation.x
      value: -0
      objectReference: {fileID: 0}
    - target: {fileID: 2447789324025984692, guid: c5c9da20c6ceb7d47b5af264c71d43b2, type: 3}
      propertyPath: m_LocalRotation.y
      value: -0
      objectReference: {fileID: 0}
    - target: {fileID: 2447789324025984692, guid: c5c9da20c6ceb7d47b5af264c71d43b2, type: 3}
      propertyPath: m_LocalRotation.z
      value: -0
      objectReference: {fileID: 0}
    - target: {fileID: 2447789324025984692, guid: c5c9da20c6ceb7d47b5af264c71d43b2, type: 3}
      propertyPath: m_AnchoredPosition.x
      value: 0
      objectReference: {fileID: 0}
    - target: {fileID: 2447789324025984692, guid: c5c9da20c6ceb7d47b5af264c71d43b2, type: 3}
      propertyPath: m_AnchoredPosition.y
      value: -0.69
      objectReference: {fileID: 0}
    - target: {fileID: 2447789324025984692, guid: c5c9da20c6ceb7d47b5af264c71d43b2, type: 3}
      propertyPath: m_LocalEulerAnglesHint.x
      value: 0
      objectReference: {fileID: 0}
    - target: {fileID: 2447789324025984692, guid: c5c9da20c6ceb7d47b5af264c71d43b2, type: 3}
      propertyPath: m_LocalEulerAnglesHint.y
      value: 0
      objectReference: {fileID: 0}
    - target: {fileID: 2447789324025984692, guid: c5c9da20c6ceb7d47b5af264c71d43b2, type: 3}
      propertyPath: m_LocalEulerAnglesHint.z
      value: 0
      objectReference: {fileID: 0}
    - target: {fileID: 2447789324025984693, guid: c5c9da20c6ceb7d47b5af264c71d43b2, type: 3}
      propertyPath: showOnLoad
      value: 1
      objectReference: {fileID: 0}
    m_RemovedComponents: []
    m_RemovedGameObjects: []
    m_AddedGameObjects: []
    m_AddedComponents:
    - targetCorrespondingSourceObject: {fileID: 2447789324025984649, guid: c5c9da20c6ceb7d47b5af264c71d43b2, type: 3}
      insertIndex: -1
      addedObject: {fileID: 0}
  m_SourcePrefab: {fileID: 100100000, guid: c5c9da20c6ceb7d47b5af264c71d43b2, type: 3}
--- !u!114 &368209160 stripped
MonoBehaviour:
  m_CorrespondingSourceObject: {fileID: 2447789324025984693, guid: c5c9da20c6ceb7d47b5af264c71d43b2, type: 3}
  m_PrefabInstance: {fileID: 368209159}
  m_PrefabAsset: {fileID: 0}
  m_GameObject: {fileID: 0}
  m_Enabled: 1
  m_EditorHideFlags: 0
  m_Script: {fileID: 11500000, guid: f8a5b6bc673ca1746892ae68649dc5e7, type: 3}
  m_Name: 
  m_EditorClassIdentifier: 
--- !u!1 &655660569
GameObject:
  m_ObjectHideFlags: 0
  m_CorrespondingSourceObject: {fileID: 0}
  m_PrefabInstance: {fileID: 0}
  m_PrefabAsset: {fileID: 0}
  serializedVersion: 6
  m_Component:
  - component: {fileID: 655660570}
  - component: {fileID: 655660572}
  - component: {fileID: 655660571}
  m_Layer: 0
  m_Name: ScoreboardText
  m_TagString: Untagged
  m_Icon: {fileID: 0}
  m_NavMeshLayer: 0
  m_StaticEditorFlags: 0
  m_IsActive: 1
--- !u!224 &655660570
RectTransform:
  m_ObjectHideFlags: 0
  m_CorrespondingSourceObject: {fileID: 0}
  m_PrefabInstance: {fileID: 0}
  m_PrefabAsset: {fileID: 0}
  m_GameObject: {fileID: 655660569}
  m_LocalRotation: {x: -0, y: -0, z: -0, w: 1}
  m_LocalPosition: {x: 0, y: 0, z: 0}
  m_LocalScale: {x: 1, y: 1, z: 1}
  m_ConstrainProportionsScale: 0
  m_Children: []
  m_Father: {fileID: 1809845743}
  m_LocalEulerAnglesHint: {x: 0, y: 0, z: 0}
  m_AnchorMin: {x: 0.5, y: 0.5}
  m_AnchorMax: {x: 0.5, y: 0.5}
  m_AnchoredPosition: {x: 0, y: 2.52}
  m_SizeDelta: {x: 11.308, y: 1.4334}
  m_Pivot: {x: 0.5, y: 0.5}
--- !u!114 &655660571
MonoBehaviour:
  m_ObjectHideFlags: 0
  m_CorrespondingSourceObject: {fileID: 0}
  m_PrefabInstance: {fileID: 0}
  m_PrefabAsset: {fileID: 0}
  m_GameObject: {fileID: 655660569}
  m_Enabled: 1
  m_EditorHideFlags: 0
  m_Script: {fileID: 11500000, guid: 9541d86e2fd84c1d9990edf0852d74ab, type: 3}
  m_Name: 
  m_EditorClassIdentifier: 
  m_Material: {fileID: 0}
  m_Color: {r: 1, g: 1, b: 1, a: 1}
  m_RaycastTarget: 1
  m_RaycastPadding: {x: 0, y: 0, z: 0, w: 0}
  m_Maskable: 1
  m_OnCullStateChanged:
    m_PersistentCalls:
      m_Calls: []
  m_text: "S\xED\u0148 sl\xE1vy"
  m_isRightToLeft: 0
  m_fontAsset: {fileID: 11400000, guid: 3047f55562255954e808e125b6e11cd5, type: 2}
  m_sharedMaterial: {fileID: -5757698546436944889, guid: 3047f55562255954e808e125b6e11cd5, type: 2}
  m_fontSharedMaterials: []
  m_fontMaterial: {fileID: 0}
  m_fontMaterials: []
  m_fontColor32:
    serializedVersion: 2
    rgba: 4294967295
  m_fontColor: {r: 1, g: 1, b: 1, a: 1}
  m_enableVertexGradient: 0
  m_colorMode: 3
  m_fontColorGradient:
    topLeft: {r: 1, g: 1, b: 1, a: 1}
    topRight: {r: 1, g: 1, b: 1, a: 1}
    bottomLeft: {r: 1, g: 1, b: 1, a: 1}
    bottomRight: {r: 1, g: 1, b: 1, a: 1}
  m_fontColorGradientPreset: {fileID: 0}
  m_spriteAsset: {fileID: 0}
  m_tintAllSprites: 0
  m_StyleSheet: {fileID: 0}
  m_TextStyleHashCode: -1183493901
  m_overrideHtmlColors: 0
  m_faceColor:
    serializedVersion: 2
    rgba: 4294967295
  m_fontSize: 10.8
  m_fontSizeBase: 10.8
  m_fontWeight: 400
  m_enableAutoSizing: 0
  m_fontSizeMin: 18
  m_fontSizeMax: 72
  m_fontStyle: 0
  m_HorizontalAlignment: 2
  m_VerticalAlignment: 512
  m_textAlignment: 65535
  m_characterSpacing: 0
  m_wordSpacing: 0
  m_lineSpacing: 0
  m_lineSpacingMax: 0
  m_paragraphSpacing: 0
  m_charWidthMaxAdj: 0
  m_enableWordWrapping: 1
  m_wordWrappingRatios: 0.4
  m_overflowMode: 0
  m_linkedTextComponent: {fileID: 0}
  parentLinkedComponent: {fileID: 0}
  m_enableKerning: 1
  m_enableExtraPadding: 0
  checkPaddingRequired: 0
  m_isRichText: 1
  m_parseCtrlCharacters: 1
  m_isOrthographic: 0
  m_isCullingEnabled: 0
  m_horizontalMapping: 0
  m_verticalMapping: 0
  m_uvLineOffset: 0
  m_geometrySortingOrder: 0
  m_IsTextObjectScaleStatic: 0
  m_VertexBufferAutoSizeReduction: 0
  m_useMaxVisibleDescender: 1
  m_pageToDisplay: 1
  m_margin: {x: 0, y: 0, z: 0, w: 0}
  m_isUsingLegacyAnimationComponent: 0
  m_isVolumetricText: 0
  _SortingLayer: 0
  _SortingLayerID: 0
  _SortingOrder: 0
  m_hasFontAssetChanged: 0
  m_renderer: {fileID: 655660572}
  m_maskType: 0
--- !u!23 &655660572
MeshRenderer:
  m_ObjectHideFlags: 0
  m_CorrespondingSourceObject: {fileID: 0}
  m_PrefabInstance: {fileID: 0}
  m_PrefabAsset: {fileID: 0}
  m_GameObject: {fileID: 655660569}
  m_Enabled: 1
  m_CastShadows: 0
  m_ReceiveShadows: 0
  m_DynamicOccludee: 1
  m_StaticShadowCaster: 0
  m_MotionVectors: 1
  m_LightProbeUsage: 1
  m_ReflectionProbeUsage: 1
  m_RayTracingMode: 2
  m_RayTraceProcedural: 0
  m_RenderingLayerMask: 1
  m_RendererPriority: 0
  m_Materials:
  - {fileID: -5757698546436944889, guid: 3047f55562255954e808e125b6e11cd5, type: 2}
  m_StaticBatchInfo:
    firstSubMesh: 0
    subMeshCount: 0
  m_StaticBatchRoot: {fileID: 0}
  m_ProbeAnchor: {fileID: 0}
  m_LightProbeVolumeOverride: {fileID: 0}
  m_ScaleInLightmap: 1
  m_ReceiveGI: 1
  m_PreserveUVs: 0
  m_IgnoreNormalsForChartDetection: 0
  m_ImportantGI: 0
  m_StitchLightmapSeams: 1
  m_SelectedEditorRenderState: 3
  m_MinimumChartSize: 4
  m_AutoUVMaxDistance: 0.5
  m_AutoUVMaxAngle: 89
  m_LightmapParameters: {fileID: 0}
  m_SortingLayerID: 893942277
  m_SortingLayer: 1
  m_SortingOrder: 10
  m_AdditionalVertexStreams: {fileID: 0}
--- !u!1001 &768749370
PrefabInstance:
  m_ObjectHideFlags: 0
  serializedVersion: 2
  m_Modification:
    serializedVersion: 3
    m_TransformParent: {fileID: 1809845743}
    m_Modifications:
    - target: {fileID: 5266641823265032027, guid: 336811e851e77f6409f45ab9a948cb60, type: 3}
      propertyPath: m_LocalPosition.x
      value: -3.913
      objectReference: {fileID: 0}
    - target: {fileID: 5266641823265032027, guid: 336811e851e77f6409f45ab9a948cb60, type: 3}
      propertyPath: m_LocalPosition.y
      value: -4.17302
      objectReference: {fileID: 0}
    - target: {fileID: 5266641823265032027, guid: 336811e851e77f6409f45ab9a948cb60, type: 3}
      propertyPath: m_LocalPosition.z
      value: -0.092057474
      objectReference: {fileID: 0}
    - target: {fileID: 5266641823265032027, guid: 336811e851e77f6409f45ab9a948cb60, type: 3}
      propertyPath: m_LocalRotation.w
      value: 1
      objectReference: {fileID: 0}
    - target: {fileID: 5266641823265032027, guid: 336811e851e77f6409f45ab9a948cb60, type: 3}
      propertyPath: m_LocalRotation.x
      value: -0
      objectReference: {fileID: 0}
    - target: {fileID: 5266641823265032027, guid: 336811e851e77f6409f45ab9a948cb60, type: 3}
      propertyPath: m_LocalRotation.y
      value: -0
      objectReference: {fileID: 0}
    - target: {fileID: 5266641823265032027, guid: 336811e851e77f6409f45ab9a948cb60, type: 3}
      propertyPath: m_LocalRotation.z
      value: -0
      objectReference: {fileID: 0}
    - target: {fileID: 5266641823265032027, guid: 336811e851e77f6409f45ab9a948cb60, type: 3}
      propertyPath: m_LocalEulerAnglesHint.x
      value: 0
      objectReference: {fileID: 0}
    - target: {fileID: 5266641823265032027, guid: 336811e851e77f6409f45ab9a948cb60, type: 3}
      propertyPath: m_LocalEulerAnglesHint.y
      value: 0
      objectReference: {fileID: 0}
    - target: {fileID: 5266641823265032027, guid: 336811e851e77f6409f45ab9a948cb60, type: 3}
      propertyPath: m_LocalEulerAnglesHint.z
      value: 0
      objectReference: {fileID: 0}
    - target: {fileID: 7930192334394114546, guid: 336811e851e77f6409f45ab9a948cb60, type: 3}
      propertyPath: m_Name
      value: RetryButton
      objectReference: {fileID: 0}
    - target: {fileID: 8482148625194580062, guid: 336811e851e77f6409f45ab9a948cb60, type: 3}
      propertyPath: m_text
      value: "Nov\xE1 hra"
      objectReference: {fileID: 0}
    m_RemovedComponents: []
    m_RemovedGameObjects: []
    m_AddedGameObjects: []
    m_AddedComponents:
    - targetCorrespondingSourceObject: {fileID: 7930192334394114546, guid: 336811e851e77f6409f45ab9a948cb60, type: 3}
      insertIndex: -1
      addedObject: {fileID: 2137977635}
    - targetCorrespondingSourceObject: {fileID: 8102137585613914363, guid: 336811e851e77f6409f45ab9a948cb60, type: 3}
      insertIndex: -1
      addedObject: {fileID: 0}
  m_SourcePrefab: {fileID: 100100000, guid: 336811e851e77f6409f45ab9a948cb60, type: 3}
--- !u!114 &768749371 stripped
MonoBehaviour:
  m_CorrespondingSourceObject: {fileID: 5786181391367350108, guid: 336811e851e77f6409f45ab9a948cb60, type: 3}
  m_PrefabInstance: {fileID: 768749370}
  m_PrefabAsset: {fileID: 0}
  m_GameObject: {fileID: 2137977633}
  m_Enabled: 1
  m_EditorHideFlags: 0
  m_Script: {fileID: 11500000, guid: 2af5ae74d48c5b94f9870a390866ed0a, type: 3}
  m_Name: 
  m_EditorClassIdentifier: 
--- !u!1 &843521040
GameObject:
  m_ObjectHideFlags: 0
  m_CorrespondingSourceObject: {fileID: 0}
  m_PrefabInstance: {fileID: 0}
  m_PrefabAsset: {fileID: 0}
  serializedVersion: 6
  m_Component:
  - component: {fileID: 843521041}
  - component: {fileID: 843521042}
  m_Layer: 0
  m_Name: ScoreboardBg
  m_TagString: Untagged
  m_Icon: {fileID: 0}
  m_NavMeshLayer: 0
  m_StaticEditorFlags: 0
  m_IsActive: 1
--- !u!4 &843521041
Transform:
  m_ObjectHideFlags: 0
  m_CorrespondingSourceObject: {fileID: 0}
  m_PrefabInstance: {fileID: 0}
  m_PrefabAsset: {fileID: 0}
  m_GameObject: {fileID: 843521040}
  serializedVersion: 2
  m_LocalRotation: {x: -0, y: -0, z: -0, w: 1}
  m_LocalPosition: {x: 0, y: 0, z: 0}
  m_LocalScale: {x: 1, y: 1, z: 1}
  m_ConstrainProportionsScale: 0
  m_Children: []
  m_Father: {fileID: 1809845743}
  m_LocalEulerAnglesHint: {x: 0, y: 0, z: 0}
--- !u!212 &843521042
SpriteRenderer:
  m_ObjectHideFlags: 0
  m_CorrespondingSourceObject: {fileID: 0}
  m_PrefabInstance: {fileID: 0}
  m_PrefabAsset: {fileID: 0}
  m_GameObject: {fileID: 843521040}
  m_Enabled: 1
  m_CastShadows: 0
  m_ReceiveShadows: 0
  m_DynamicOccludee: 1
  m_StaticShadowCaster: 0
  m_MotionVectors: 1
  m_LightProbeUsage: 1
  m_ReflectionProbeUsage: 1
  m_RayTracingMode: 0
  m_RayTraceProcedural: 0
  m_RenderingLayerMask: 1
  m_RendererPriority: 0
  m_Materials:
  - {fileID: 2100000, guid: a97c105638bdf8b4a8650670310a4cd3, type: 2}
  m_StaticBatchInfo:
    firstSubMesh: 0
    subMeshCount: 0
  m_StaticBatchRoot: {fileID: 0}
  m_ProbeAnchor: {fileID: 0}
  m_LightProbeVolumeOverride: {fileID: 0}
  m_ScaleInLightmap: 1
  m_ReceiveGI: 1
  m_PreserveUVs: 0
  m_IgnoreNormalsForChartDetection: 0
  m_ImportantGI: 0
  m_StitchLightmapSeams: 1
  m_SelectedEditorRenderState: 0
  m_MinimumChartSize: 4
  m_AutoUVMaxDistance: 0.5
  m_AutoUVMaxAngle: 89
  m_LightmapParameters: {fileID: 0}
  m_SortingLayerID: 893942277
  m_SortingLayer: 1
  m_SortingOrder: 1
  m_Sprite: {fileID: 2095457780, guid: 6a6824cb5490dc040b4f07c9bb003d03, type: 3}
  m_Color: {r: 1, g: 1, b: 1, a: 1}
  m_FlipX: 0
  m_FlipY: 0
  m_DrawMode: 1
  m_Size: {x: 12.158453, y: 7.112186}
  m_AdaptiveModeThreshold: 0.5
  m_SpriteTileMode: 0
  m_WasSpriteAssigned: 1
  m_MaskInteraction: 0
  m_SpriteSortPoint: 0
--- !u!1 &1052488081
GameObject:
  m_ObjectHideFlags: 0
  m_CorrespondingSourceObject: {fileID: 0}
  m_PrefabInstance: {fileID: 0}
  m_PrefabAsset: {fileID: 0}
  serializedVersion: 6
  m_Component:
  - component: {fileID: 1052488082}
  - component: {fileID: 1052488083}
  m_Layer: 0
  m_Name: ScoreboardBg
  m_TagString: Untagged
  m_Icon: {fileID: 0}
  m_NavMeshLayer: 0
  m_StaticEditorFlags: 0
  m_IsActive: 1
--- !u!4 &1052488082
Transform:
  m_ObjectHideFlags: 0
  m_CorrespondingSourceObject: {fileID: 0}
  m_PrefabInstance: {fileID: 0}
  m_PrefabAsset: {fileID: 0}
  m_GameObject: {fileID: 1052488081}
  serializedVersion: 2
  m_LocalRotation: {x: -0, y: -0, z: -0, w: 1}
  m_LocalPosition: {x: 0, y: 0, z: 0}
  m_LocalScale: {x: 1, y: 1, z: 1}
  m_ConstrainProportionsScale: 0
  m_Children: []
  m_Father: {fileID: 1809845743}
  m_LocalEulerAnglesHint: {x: 0, y: 0, z: 0}
--- !u!212 &1052488083
SpriteRenderer:
  m_ObjectHideFlags: 0
  m_CorrespondingSourceObject: {fileID: 0}
  m_PrefabInstance: {fileID: 0}
  m_PrefabAsset: {fileID: 0}
  m_GameObject: {fileID: 1052488081}
  m_Enabled: 1
  m_CastShadows: 0
  m_ReceiveShadows: 0
  m_DynamicOccludee: 1
  m_StaticShadowCaster: 0
  m_MotionVectors: 1
  m_LightProbeUsage: 1
  m_ReflectionProbeUsage: 1
  m_RayTracingMode: 0
  m_RayTraceProcedural: 0
  m_RenderingLayerMask: 1
  m_RendererPriority: 0
  m_Materials:
  - {fileID: 2100000, guid: a97c105638bdf8b4a8650670310a4cd3, type: 2}
  m_StaticBatchInfo:
    firstSubMesh: 0
    subMeshCount: 0
  m_StaticBatchRoot: {fileID: 0}
  m_ProbeAnchor: {fileID: 0}
  m_LightProbeVolumeOverride: {fileID: 0}
  m_ScaleInLightmap: 1
  m_ReceiveGI: 1
  m_PreserveUVs: 0
  m_IgnoreNormalsForChartDetection: 0
  m_ImportantGI: 0
  m_StitchLightmapSeams: 1
  m_SelectedEditorRenderState: 0
  m_MinimumChartSize: 4
  m_AutoUVMaxDistance: 0.5
  m_AutoUVMaxAngle: 89
  m_LightmapParameters: {fileID: 0}
  m_SortingLayerID: 893942277
  m_SortingLayer: 1
  m_SortingOrder: 0
  m_Sprite: {fileID: -1091164577, guid: 6a6824cb5490dc040b4f07c9bb003d03, type: 3}
  m_Color: {r: 0, g: 0, b: 0, a: 1}
  m_FlipX: 0
  m_FlipY: 0
  m_DrawMode: 1
  m_Size: {x: 12.158453, y: 7.112186}
  m_AdaptiveModeThreshold: 0.5
  m_SpriteTileMode: 0
  m_WasSpriteAssigned: 1
  m_MaskInteraction: 0
  m_SpriteSortPoint: 0
--- !u!1 &1202502489 stripped
GameObject:
  m_CorrespondingSourceObject: {fileID: 7930192334394114546, guid: 336811e851e77f6409f45ab9a948cb60, type: 3}
  m_PrefabInstance: {fileID: 169670834}
  m_PrefabAsset: {fileID: 0}
--- !u!4 &1202502490 stripped
Transform:
  m_CorrespondingSourceObject: {fileID: 5266641823265032027, guid: 336811e851e77f6409f45ab9a948cb60, type: 3}
  m_PrefabInstance: {fileID: 169670834}
  m_PrefabAsset: {fileID: 0}
--- !u!114 &1202502491
MonoBehaviour:
  m_ObjectHideFlags: 0
  m_CorrespondingSourceObject: {fileID: 0}
  m_PrefabInstance: {fileID: 0}
  m_PrefabAsset: {fileID: 0}
  m_GameObject: {fileID: 1202502489}
  m_Enabled: 1
  m_EditorHideFlags: 0
  m_Script: {fileID: 11500000, guid: c7eaa57d3d799714db094cfb17e3604f, type: 3}
  m_Name: 
  m_EditorClassIdentifier: 
  sceneName: Menu
--- !u!1 &1809845741
GameObject:
  m_ObjectHideFlags: 0
  m_CorrespondingSourceObject: {fileID: 0}
  m_PrefabInstance: {fileID: 0}
  m_PrefabAsset: {fileID: 0}
  serializedVersion: 6
  m_Component:
  - component: {fileID: 1809845743}
  - component: {fileID: 1809845742}
  m_Layer: 0
  m_Name: UiContainer
  m_TagString: Untagged
  m_Icon: {fileID: 0}
  m_NavMeshLayer: 0
  m_StaticEditorFlags: 0
  m_IsActive: 1
--- !u!114 &1809845742
MonoBehaviour:
  m_ObjectHideFlags: 0
  m_CorrespondingSourceObject: {fileID: 0}
  m_PrefabInstance: {fileID: 0}
  m_PrefabAsset: {fileID: 0}
  m_GameObject: {fileID: 1809845741}
  m_Enabled: 1
  m_EditorHideFlags: 0
  m_Script: {fileID: 11500000, guid: 46c16367eb6b85245865d75c8b933f92, type: 3}
  m_Name: 
  m_EditorClassIdentifier: 
  fromBottom: 1
--- !u!4 &1809845743
Transform:
  m_ObjectHideFlags: 0
  m_CorrespondingSourceObject: {fileID: 0}
  m_PrefabInstance: {fileID: 0}
  m_PrefabAsset: {fileID: 0}
  m_GameObject: {fileID: 1809845741}
  serializedVersion: 2
  m_LocalRotation: {x: 0, y: 0, z: 0, w: 1}
  m_LocalPosition: {x: 0, y: 0, z: 0}
  m_LocalScale: {x: 1, y: 1, z: 1}
  m_ConstrainProportionsScale: 0
  m_Children:
  - {fileID: 1825837774}
  - {fileID: 843521041}
  - {fileID: 1052488082}
  - {fileID: 655660570}
  - {fileID: 2137977634}
  - {fileID: 1202502490}
  m_Father: {fileID: 0}
  m_LocalEulerAnglesHint: {x: 0, y: 0, z: 0}
--- !u!224 &1825837774 stripped
RectTransform:
  m_CorrespondingSourceObject: {fileID: 2447789324025984692, guid: c5c9da20c6ceb7d47b5af264c71d43b2, type: 3}
  m_PrefabInstance: {fileID: 368209159}
  m_PrefabAsset: {fileID: 0}
--- !u!1 &2137977633 stripped
GameObject:
  m_CorrespondingSourceObject: {fileID: 7930192334394114546, guid: 336811e851e77f6409f45ab9a948cb60, type: 3}
  m_PrefabInstance: {fileID: 768749370}
  m_PrefabAsset: {fileID: 0}
--- !u!4 &2137977634 stripped
Transform:
  m_CorrespondingSourceObject: {fileID: 5266641823265032027, guid: 336811e851e77f6409f45ab9a948cb60, type: 3}
  m_PrefabInstance: {fileID: 768749370}
  m_PrefabAsset: {fileID: 0}
--- !u!114 &2137977635
MonoBehaviour:
  m_ObjectHideFlags: 0
  m_CorrespondingSourceObject: {fileID: 0}
  m_PrefabInstance: {fileID: 0}
  m_PrefabAsset: {fileID: 0}
  m_GameObject: {fileID: 2137977633}
  m_Enabled: 1
  m_EditorHideFlags: 0
  m_Script: {fileID: 11500000, guid: c7eaa57d3d799714db094cfb17e3604f, type: 3}
  m_Name: 
  m_EditorClassIdentifier: 
  sceneName: GameScene
--- !u!1001 &8668582678245698408
PrefabInstance:
  m_ObjectHideFlags: 0
  serializedVersion: 2
  m_Modification:
    serializedVersion: 3
    m_TransformParent: {fileID: 0}
    m_Modifications:
    - target: {fileID: 3077441031354433861, guid: 23a2511cbcb995740a16ca4ba56e18f2, type: 3}
      propertyPath: m_LocalPosition.x
      value: 0
      objectReference: {fileID: 0}
    - target: {fileID: 3077441031354433861, guid: 23a2511cbcb995740a16ca4ba56e18f2, type: 3}
      propertyPath: m_LocalPosition.y
      value: 0
      objectReference: {fileID: 0}
    - target: {fileID: 3077441031354433861, guid: 23a2511cbcb995740a16ca4ba56e18f2, type: 3}
      propertyPath: m_LocalPosition.z
      value: -10
      objectReference: {fileID: 0}
    - target: {fileID: 3077441031354433861, guid: 23a2511cbcb995740a16ca4ba56e18f2, type: 3}
      propertyPath: m_LocalRotation.w
      value: 1
      objectReference: {fileID: 0}
    - target: {fileID: 3077441031354433861, guid: 23a2511cbcb995740a16ca4ba56e18f2, type: 3}
      propertyPath: m_LocalRotation.x
      value: 0
      objectReference: {fileID: 0}
    - target: {fileID: 3077441031354433861, guid: 23a2511cbcb995740a16ca4ba56e18f2, type: 3}
      propertyPath: m_LocalRotation.y
      value: 0
      objectReference: {fileID: 0}
    - target: {fileID: 3077441031354433861, guid: 23a2511cbcb995740a16ca4ba56e18f2, type: 3}
      propertyPath: m_LocalRotation.z
      value: 0
      objectReference: {fileID: 0}
    - target: {fileID: 3077441031354433861, guid: 23a2511cbcb995740a16ca4ba56e18f2, type: 3}
      propertyPath: m_LocalEulerAnglesHint.x
      value: 0
      objectReference: {fileID: 0}
    - target: {fileID: 3077441031354433861, guid: 23a2511cbcb995740a16ca4ba56e18f2, type: 3}
      propertyPath: m_LocalEulerAnglesHint.y
      value: 0
      objectReference: {fileID: 0}
    - target: {fileID: 3077441031354433861, guid: 23a2511cbcb995740a16ca4ba56e18f2, type: 3}
      propertyPath: m_LocalEulerAnglesHint.z
      value: 0
      objectReference: {fileID: 0}
    - target: {fileID: 6556578819490590776, guid: 23a2511cbcb995740a16ca4ba56e18f2, type: 3}
      propertyPath: m_Name
      value: Main Camera
      objectReference: {fileID: 0}
    m_RemovedComponents: []
    m_RemovedGameObjects: []
    m_AddedGameObjects: []
    m_AddedComponents: []
  m_SourcePrefab: {fileID: 100100000, guid: 23a2511cbcb995740a16ca4ba56e18f2, type: 3}
--- !u!1660057539 &9223372036854775807
SceneRoots:
  m_ObjectHideFlags: 0
  m_Roots:
  - {fileID: 8668582678245698408}
  - {fileID: 71491008}
  - {fileID: 1809845743}
  - {fileID: 107841454}
