%YAML 1.1
%TAG !u! tag:unity3d.com,2011:
--- !u!29 &1
OcclusionCullingSettings:
  m_ObjectHideFlags: 0
  serializedVersion: 2
  m_OcclusionBakeSettings:
    smallestOccluder: 5
    smallestHole: 0.25
    backfaceThreshold: 100
  m_SceneGUID: 00000000000000000000000000000000
  m_OcclusionCullingData: {fileID: 0}
--- !u!104 &2
RenderSettings:
  m_ObjectHideFlags: 0
  serializedVersion: 9
  m_Fog: 0
  m_FogColor: {r: 0.5, g: 0.5, b: 0.5, a: 1}
  m_FogMode: 3
  m_FogDensity: 0.01
  m_LinearFogStart: 0
  m_LinearFogEnd: 300
  m_AmbientSkyColor: {r: 0.212, g: 0.227, b: 0.259, a: 1}
  m_AmbientEquatorColor: {r: 0.114, g: 0.125, b: 0.133, a: 1}
  m_AmbientGroundColor: {r: 0.047, g: 0.043, b: 0.035, a: 1}
  m_AmbientIntensity: 1
  m_AmbientMode: 3
  m_SubtractiveShadowColor: {r: 0.42, g: 0.478, b: 0.627, a: 1}
  m_SkyboxMaterial: {fileID: 0}
  m_HaloStrength: 0.5
  m_FlareStrength: 1
  m_FlareFadeSpeed: 3
  m_HaloTexture: {fileID: 0}
  m_SpotCookie: {fileID: 10001, guid: 0000000000000000e000000000000000, type: 0}
  m_DefaultReflectionMode: 0
  m_DefaultReflectionResolution: 128
  m_ReflectionBounces: 1
  m_ReflectionIntensity: 1
  m_CustomReflection: {fileID: 0}
  m_Sun: {fileID: 0}
  m_IndirectSpecularColor: {r: 0, g: 0, b: 0, a: 1}
  m_UseRadianceAmbientProbe: 0
--- !u!157 &3
LightmapSettings:
  m_ObjectHideFlags: 0
  serializedVersion: 12
  m_GIWorkflowMode: 1
  m_GISettings:
    serializedVersion: 2
    m_BounceScale: 1
    m_IndirectOutputScale: 1
    m_AlbedoBoost: 1
    m_EnvironmentLightingMode: 0
    m_EnableBakedLightmaps: 0
    m_EnableRealtimeLightmaps: 0
  m_LightmapEditorSettings:
    serializedVersion: 12
    m_Resolution: 2
    m_BakeResolution: 40
    m_AtlasSize: 1024
    m_AO: 0
    m_AOMaxDistance: 1
    m_CompAOExponent: 1
    m_CompAOExponentDirect: 0
    m_ExtractAmbientOcclusion: 0
    m_Padding: 2
    m_LightmapParameters: {fileID: 0}
    m_LightmapsBakeMode: 1
    m_TextureCompression: 1
    m_FinalGather: 0
    m_FinalGatherFiltering: 1
    m_FinalGatherRayCount: 256
    m_ReflectionCompression: 2
    m_MixedBakeMode: 2
    m_BakeBackend: 1
    m_PVRSampling: 1
    m_PVRDirectSampleCount: 32
    m_PVRSampleCount: 512
    m_PVRBounces: 2
    m_PVREnvironmentSampleCount: 256
    m_PVREnvironmentReferencePointCount: 2048
    m_PVRFilteringMode: 1
    m_PVRDenoiserTypeDirect: 1
    m_PVRDenoiserTypeIndirect: 1
    m_PVRDenoiserTypeAO: 1
    m_PVRFilterTypeDirect: 0
    m_PVRFilterTypeIndirect: 0
    m_PVRFilterTypeAO: 0
    m_PVREnvironmentMIS: 1
    m_PVRCulling: 1
    m_PVRFilteringGaussRadiusDirect: 1
    m_PVRFilteringGaussRadiusIndirect: 5
    m_PVRFilteringGaussRadiusAO: 2
    m_PVRFilteringAtrousPositionSigmaDirect: 0.5
    m_PVRFilteringAtrousPositionSigmaIndirect: 2
    m_PVRFilteringAtrousPositionSigmaAO: 1
    m_ExportTrainingData: 0
    m_TrainingDataDestination: TrainingData
    m_LightProbeSampleCountMultiplier: 4
  m_LightingDataAsset: {fileID: 0}
  m_LightingSettings: {fileID: 0}
--- !u!196 &4
NavMeshSettings:
  serializedVersion: 2
  m_ObjectHideFlags: 0
  m_BuildSettings:
    serializedVersion: 3
    agentTypeID: 0
    agentRadius: 0.5
    agentHeight: 2
    agentSlope: 45
    agentClimb: 0.4
    ledgeDropHeight: 0
    maxJumpAcrossDistance: 0
    minRegionArea: 2
    manualCellSize: 0
    cellSize: 0.16666667
    manualTileSize: 0
    tileSize: 256
    buildHeightMesh: 0
    maxJobWorkers: 0
    preserveTilesOutsideBounds: 0
    debug:
      m_Flags: 0
  m_NavMeshData: {fileID: 0}
--- !u!1 &236413099 stripped
GameObject:
  m_CorrespondingSourceObject: {fileID: 7930192334394114546, guid: 336811e851e77f6409f45ab9a948cb60, type: 3}
  m_PrefabInstance: {fileID: 1905836897}
  m_PrefabAsset: {fileID: 0}
--- !u!1 &296292515 stripped
GameObject:
  m_CorrespondingSourceObject: {fileID: 7930192334394114546, guid: 336811e851e77f6409f45ab9a948cb60, type: 3}
  m_PrefabInstance: {fileID: 2169181305872242900}
  m_PrefabAsset: {fileID: 0}
--- !u!4 &296292517 stripped
Transform:
  m_CorrespondingSourceObject: {fileID: 5266641823265032027, guid: 336811e851e77f6409f45ab9a948cb60, type: 3}
  m_PrefabInstance: {fileID: 2169181305872242900}
  m_PrefabAsset: {fileID: 0}
--- !u!114 &296292522
MonoBehaviour:
  m_ObjectHideFlags: 0
  m_CorrespondingSourceObject: {fileID: 0}
  m_PrefabInstance: {fileID: 0}
  m_PrefabAsset: {fileID: 0}
  m_GameObject: {fileID: 296292515}
  m_Enabled: 1
  m_EditorHideFlags: 0
  m_Script: {fileID: 11500000, guid: c7eaa57d3d799714db094cfb17e3604f, type: 3}
  m_Name: 
  m_EditorClassIdentifier: 
  sceneName: GameScene
--- !u!1 &675632119 stripped
GameObject:
  m_CorrespondingSourceObject: {fileID: 7930192334394114546, guid: 336811e851e77f6409f45ab9a948cb60, type: 3}
  m_PrefabInstance: {fileID: 1491071373}
  m_PrefabAsset: {fileID: 0}
--- !u!1 &681788098
GameObject:
  m_ObjectHideFlags: 0
  m_CorrespondingSourceObject: {fileID: 0}
  m_PrefabInstance: {fileID: 0}
  m_PrefabAsset: {fileID: 0}
  serializedVersion: 6
  m_Component:
  - component: {fileID: 681788099}
  - component: {fileID: 681788100}
  m_Layer: 0
  m_Name: MenuButton_0
  m_TagString: Untagged
  m_Icon: {fileID: 0}
  m_NavMeshLayer: 0
  m_StaticEditorFlags: 0
  m_IsActive: 1
--- !u!4 &681788099
Transform:
  m_ObjectHideFlags: 0
  m_CorrespondingSourceObject: {fileID: 0}
  m_PrefabInstance: {fileID: 0}
  m_PrefabAsset: {fileID: 0}
  m_GameObject: {fileID: 681788098}
  serializedVersion: 2
  m_LocalRotation: {x: -0, y: -0, z: 0.40217763, w: -0.9155617}
  m_LocalPosition: {x: 0, y: 0.551, z: 0}
  m_LocalScale: {x: 1, y: 1, z: 1}
  m_ConstrainProportionsScale: 0
  m_Children: []
  m_Father: {fileID: 296292517}
  m_LocalEulerAnglesHint: {x: 0, y: 0, z: -47.429}
--- !u!212 &681788100
SpriteRenderer:
  m_ObjectHideFlags: 0
  m_CorrespondingSourceObject: {fileID: 0}
  m_PrefabInstance: {fileID: 0}
  m_PrefabAsset: {fileID: 0}
  m_GameObject: {fileID: 681788098}
  m_Enabled: 1
  m_CastShadows: 0
  m_ReceiveShadows: 0
  m_DynamicOccludee: 1
  m_StaticShadowCaster: 0
  m_MotionVectors: 1
  m_LightProbeUsage: 1
  m_ReflectionProbeUsage: 1
  m_RayTracingMode: 0
  m_RayTraceProcedural: 0
  m_RenderingLayerMask: 1
  m_RendererPriority: 0
  m_Materials:
  - {fileID: 2100000, guid: a97c105638bdf8b4a8650670310a4cd3, type: 2}
  m_StaticBatchInfo:
    firstSubMesh: 0
    subMeshCount: 0
  m_StaticBatchRoot: {fileID: 0}
  m_ProbeAnchor: {fileID: 0}
  m_LightProbeVolumeOverride: {fileID: 0}
  m_ScaleInLightmap: 1
  m_ReceiveGI: 1
  m_PreserveUVs: 0
  m_IgnoreNormalsForChartDetection: 0
  m_ImportantGI: 0
  m_StitchLightmapSeams: 1
  m_SelectedEditorRenderState: 0
  m_MinimumChartSize: 4
  m_AutoUVMaxDistance: 0.5
  m_AutoUVMaxAngle: 89
  m_LightmapParameters: {fileID: 0}
  m_SortingLayerID: 893942277
  m_SortingLayer: 1
  m_SortingOrder: 20
  m_Sprite: {fileID: 37902831, guid: 6a6824cb5490dc040b4f07c9bb003d03, type: 3}
  m_Color: {r: 1, g: 1, b: 1, a: 1}
  m_FlipX: 0
  m_FlipY: 0
  m_DrawMode: 0
  m_Size: {x: 1.1574074, y: 1.5648148}
  m_AdaptiveModeThreshold: 0.5
  m_SpriteTileMode: 0
  m_WasSpriteAssigned: 1
  m_MaskInteraction: 0
  m_SpriteSortPoint: 0
--- !u!1 &829407305
GameObject:
  m_ObjectHideFlags: 0
  m_CorrespondingSourceObject: {fileID: 0}
  m_PrefabInstance: {fileID: 0}
  m_PrefabAsset: {fileID: 0}
  serializedVersion: 6
  m_Component:
  - component: {fileID: 829407306}
  - component: {fileID: 829407308}
  - component: {fileID: 829407307}
  m_Layer: 0
  m_Name: Author
  m_TagString: Untagged
  m_Icon: {fileID: 0}
  m_NavMeshLayer: 0
  m_StaticEditorFlags: 0
  m_IsActive: 1
--- !u!224 &829407306
RectTransform:
  m_ObjectHideFlags: 0
  m_CorrespondingSourceObject: {fileID: 0}
  m_PrefabInstance: {fileID: 0}
  m_PrefabAsset: {fileID: 0}
  m_GameObject: {fileID: 829407305}
  m_LocalRotation: {x: 0, y: 0, z: 0, w: 1}
  m_LocalPosition: {x: 0, y: 0, z: 0}
  m_LocalScale: {x: 1, y: 1, z: 1}
  m_ConstrainProportionsScale: 0
  m_Children: []
  m_Father: {fileID: 934463069}
  m_LocalEulerAnglesHint: {x: 0, y: 0, z: 0}
  m_AnchorMin: {x: 0.5, y: 0.5}
  m_AnchorMax: {x: 0.5, y: 0.5}
  m_AnchoredPosition: {x: 2.97, y: 0.35}
  m_SizeDelta: {x: 3.8453, y: 0.8516}
  m_Pivot: {x: 0.5, y: 0.5}
--- !u!114 &829407307
MonoBehaviour:
  m_ObjectHideFlags: 0
  m_CorrespondingSourceObject: {fileID: 0}
  m_PrefabInstance: {fileID: 0}
  m_PrefabAsset: {fileID: 0}
  m_GameObject: {fileID: 829407305}
  m_Enabled: 1
  m_EditorHideFlags: 0
  m_Script: {fileID: 11500000, guid: 9541d86e2fd84c1d9990edf0852d74ab, type: 3}
  m_Name: 
  m_EditorClassIdentifier: 
  m_Material: {fileID: 0}
  m_Color: {r: 1, g: 1, b: 1, a: 1}
  m_RaycastTarget: 1
  m_RaycastPadding: {x: 0, y: 0, z: 0, w: 0}
  m_Maskable: 1
  m_OnCullStateChanged:
    m_PersistentCalls:
      m_Calls: []
  m_text: "hra Mat\u011Bje Chlana"
  m_isRightToLeft: 0
  m_fontAsset: {fileID: 11400000, guid: f98c65268aa6fe742b8206668a8cece7, type: 2}
  m_sharedMaterial: {fileID: 822524638213763214, guid: f98c65268aa6fe742b8206668a8cece7, type: 2}
  m_fontSharedMaterials: []
  m_fontMaterial: {fileID: 0}
  m_fontMaterials: []
  m_fontColor32:
    serializedVersion: 2
    rgba: 4288914339
  m_fontColor: {r: 0.6377357, g: 0.6377357, b: 0.6377357, a: 1}
  m_enableVertexGradient: 0
  m_colorMode: 2
  m_fontColorGradient:
    topLeft: {r: 0.7132075, g: 0.7132075, b: 0.7132075, a: 1}
    topRight: {r: 0.7132075, g: 0.7132075, b: 0.7132075, a: 1}
    bottomLeft: {r: 0.07924521, g: 0.07924521, b: 0.07924521, a: 1}
    bottomRight: {r: 0.07924521, g: 0.07924521, b: 0.07924521, a: 1}
  m_fontColorGradientPreset: {fileID: 0}
  m_spriteAsset: {fileID: 0}
  m_tintAllSprites: 0
  m_StyleSheet: {fileID: 0}
  m_TextStyleHashCode: -1183493901
  m_overrideHtmlColors: 0
  m_faceColor:
    serializedVersion: 2
    rgba: 4294967295
  m_fontSize: 1.25
  m_fontSizeBase: 1.25
  m_fontWeight: 400
  m_enableAutoSizing: 0
  m_fontSizeMin: 18
  m_fontSizeMax: 72
  m_fontStyle: 1
  m_HorizontalAlignment: 2
  m_VerticalAlignment: 512
  m_textAlignment: 65535
  m_characterSpacing: 0
  m_wordSpacing: 0
  m_lineSpacing: 0
  m_lineSpacingMax: 0
  m_paragraphSpacing: 0
  m_charWidthMaxAdj: 0
  m_enableWordWrapping: 1
  m_wordWrappingRatios: 0.4
  m_overflowMode: 0
  m_linkedTextComponent: {fileID: 0}
  parentLinkedComponent: {fileID: 0}
  m_enableKerning: 1
  m_enableExtraPadding: 0
  checkPaddingRequired: 0
  m_isRichText: 1
  m_parseCtrlCharacters: 1
  m_isOrthographic: 0
  m_isCullingEnabled: 0
  m_horizontalMapping: 0
  m_verticalMapping: 0
  m_uvLineOffset: 0
  m_geometrySortingOrder: 0
  m_IsTextObjectScaleStatic: 0
  m_VertexBufferAutoSizeReduction: 0
  m_useMaxVisibleDescender: 1
  m_pageToDisplay: 1
  m_margin: {x: 0, y: 0, z: 0, w: 0}
  m_isUsingLegacyAnimationComponent: 0
  m_isVolumetricText: 0
  _SortingLayer: 0
  _SortingLayerID: 0
  _SortingOrder: 0
  m_hasFontAssetChanged: 0
  m_renderer: {fileID: 829407308}
  m_maskType: 0
--- !u!23 &829407308
MeshRenderer:
  m_ObjectHideFlags: 0
  m_CorrespondingSourceObject: {fileID: 0}
  m_PrefabInstance: {fileID: 0}
  m_PrefabAsset: {fileID: 0}
  m_GameObject: {fileID: 829407305}
  m_Enabled: 1
  m_CastShadows: 0
  m_ReceiveShadows: 0
  m_DynamicOccludee: 1
  m_StaticShadowCaster: 0
  m_MotionVectors: 1
  m_LightProbeUsage: 1
  m_ReflectionProbeUsage: 1
  m_RayTracingMode: 2
  m_RayTraceProcedural: 0
  m_RenderingLayerMask: 1
  m_RendererPriority: 0
  m_Materials:
  - {fileID: 822524638213763214, guid: f98c65268aa6fe742b8206668a8cece7, type: 2}
  m_StaticBatchInfo:
    firstSubMesh: 0
    subMeshCount: 0
  m_StaticBatchRoot: {fileID: 0}
  m_ProbeAnchor: {fileID: 0}
  m_LightProbeVolumeOverride: {fileID: 0}
  m_ScaleInLightmap: 1
  m_ReceiveGI: 1
  m_PreserveUVs: 0
  m_IgnoreNormalsForChartDetection: 0
  m_ImportantGI: 0
  m_StitchLightmapSeams: 1
  m_SelectedEditorRenderState: 3
  m_MinimumChartSize: 4
  m_AutoUVMaxDistance: 0.5
  m_AutoUVMaxAngle: 89
  m_LightmapParameters: {fileID: 0}
  m_SortingLayerID: 893942277
  m_SortingLayer: 1
  m_SortingOrder: 0
  m_AdditionalVertexStreams: {fileID: 0}
--- !u!1001 &848856590
PrefabInstance:
  m_ObjectHideFlags: 0
  serializedVersion: 2
  m_Modification:
    serializedVersion: 3
    m_TransformParent: {fileID: 934463069}
    m_Modifications:
    - target: {fileID: 5266641823265032027, guid: 336811e851e77f6409f45ab9a948cb60, type: 3}
      propertyPath: m_LocalPosition.x
      value: -4.86
      objectReference: {fileID: 0}
    - target: {fileID: 5266641823265032027, guid: 336811e851e77f6409f45ab9a948cb60, type: 3}
      propertyPath: m_LocalPosition.y
      value: -2.9298
      objectReference: {fileID: 0}
    - target: {fileID: 5266641823265032027, guid: 336811e851e77f6409f45ab9a948cb60, type: 3}
      propertyPath: m_LocalPosition.z
      value: -0.092057474
      objectReference: {fileID: 0}
    - target: {fileID: 5266641823265032027, guid: 336811e851e77f6409f45ab9a948cb60, type: 3}
      propertyPath: m_LocalRotation.w
      value: 1
      objectReference: {fileID: 0}
    - target: {fileID: 5266641823265032027, guid: 336811e851e77f6409f45ab9a948cb60, type: 3}
      propertyPath: m_LocalRotation.x
      value: -0
      objectReference: {fileID: 0}
    - target: {fileID: 5266641823265032027, guid: 336811e851e77f6409f45ab9a948cb60, type: 3}
      propertyPath: m_LocalRotation.y
      value: -0
      objectReference: {fileID: 0}
    - target: {fileID: 5266641823265032027, guid: 336811e851e77f6409f45ab9a948cb60, type: 3}
      propertyPath: m_LocalRotation.z
      value: -0
      objectReference: {fileID: 0}
    - target: {fileID: 5266641823265032027, guid: 336811e851e77f6409f45ab9a948cb60, type: 3}
      propertyPath: m_LocalEulerAnglesHint.x
      value: 0
      objectReference: {fileID: 0}
    - target: {fileID: 5266641823265032027, guid: 336811e851e77f6409f45ab9a948cb60, type: 3}
      propertyPath: m_LocalEulerAnglesHint.y
      value: 0
      objectReference: {fileID: 0}
    - target: {fileID: 5266641823265032027, guid: 336811e851e77f6409f45ab9a948cb60, type: 3}
      propertyPath: m_LocalEulerAnglesHint.z
      value: 0
      objectReference: {fileID: 0}
    - target: {fileID: 7930192334394114546, guid: 336811e851e77f6409f45ab9a948cb60, type: 3}
      propertyPath: m_Name
      value: SettingsButton
      objectReference: {fileID: 0}
    - target: {fileID: 8482148625194580062, guid: 336811e851e77f6409f45ab9a948cb60, type: 3}
      propertyPath: m_text
      value: "Nastaven\xED"
      objectReference: {fileID: 0}
    m_RemovedComponents: []
    m_RemovedGameObjects: []
    m_AddedGameObjects: []
    m_AddedComponents:
    - targetCorrespondingSourceObject: {fileID: 7930192334394114546, guid: 336811e851e77f6409f45ab9a948cb60, type: 3}
      insertIndex: -1
      addedObject: {fileID: 902692479}
    - targetCorrespondingSourceObject: {fileID: 8102137585613914363, guid: 336811e851e77f6409f45ab9a948cb60, type: 3}
      insertIndex: -1
      addedObject: {fileID: 0}
  m_SourcePrefab: {fileID: 100100000, guid: 336811e851e77f6409f45ab9a948cb60, type: 3}
--- !u!1 &902692477 stripped
GameObject:
  m_CorrespondingSourceObject: {fileID: 7930192334394114546, guid: 336811e851e77f6409f45ab9a948cb60, type: 3}
  m_PrefabInstance: {fileID: 848856590}
  m_PrefabAsset: {fileID: 0}
--- !u!4 &902692478 stripped
Transform:
  m_CorrespondingSourceObject: {fileID: 5266641823265032027, guid: 336811e851e77f6409f45ab9a948cb60, type: 3}
  m_PrefabInstance: {fileID: 848856590}
  m_PrefabAsset: {fileID: 0}
--- !u!114 &902692479
MonoBehaviour:
  m_ObjectHideFlags: 0
  m_CorrespondingSourceObject: {fileID: 0}
  m_PrefabInstance: {fileID: 0}
  m_PrefabAsset: {fileID: 0}
  m_GameObject: {fileID: 902692477}
  m_Enabled: 1
  m_EditorHideFlags: 0
  m_Script: {fileID: 11500000, guid: c7eaa57d3d799714db094cfb17e3604f, type: 3}
  m_Name: 
  m_EditorClassIdentifier: 
  sceneName: Settings
--- !u!1 &934463068
GameObject:
  m_ObjectHideFlags: 0
  m_CorrespondingSourceObject: {fileID: 0}
  m_PrefabInstance: {fileID: 0}
  m_PrefabAsset: {fileID: 0}
  serializedVersion: 6
  m_Component:
  - component: {fileID: 934463069}
  - component: {fileID: 934463070}
  m_Layer: 0
  m_Name: UiContainer
  m_TagString: Untagged
  m_Icon: {fileID: 0}
  m_NavMeshLayer: 0
  m_StaticEditorFlags: 0
  m_IsActive: 1
--- !u!4 &934463069
Transform:
  m_ObjectHideFlags: 0
  m_CorrespondingSourceObject: {fileID: 0}
  m_PrefabInstance: {fileID: 0}
  m_PrefabAsset: {fileID: 0}
  m_GameObject: {fileID: 934463068}
  serializedVersion: 2
  m_LocalRotation: {x: 0, y: 0, z: 0, w: 1}
  m_LocalPosition: {x: 0, y: 0, z: 0}
  m_LocalScale: {x: 1, y: 1, z: 1}
  m_ConstrainProportionsScale: 0
  m_Children:
  - {fileID: 296292517}
  - {fileID: 2146475352}
  - {fileID: 902692478}
  - {fileID: 1748404747}
  - {fileID: 1527528571}
  - {fileID: 1424000978}
  - {fileID: 829407306}
  m_Father: {fileID: 0}
  m_LocalEulerAnglesHint: {x: 0, y: 0, z: 0}
--- !u!114 &934463070
MonoBehaviour:
  m_ObjectHideFlags: 0
  m_CorrespondingSourceObject: {fileID: 0}
  m_PrefabInstance: {fileID: 0}
  m_PrefabAsset: {fileID: 0}
  m_GameObject: {fileID: 934463068}
  m_Enabled: 1
  m_EditorHideFlags: 0
  m_Script: {fileID: 11500000, guid: 46c16367eb6b85245865d75c8b933f92, type: 3}
  m_Name: 
  m_EditorClassIdentifier: 
  fromBottom: 1
--- !u!1001 &1322166852
PrefabInstance:
  m_ObjectHideFlags: 0
  serializedVersion: 2
  m_Modification:
    serializedVersion: 3
    m_TransformParent: {fileID: 0}
    m_Modifications:
    - target: {fileID: 3077441031354433861, guid: 23a2511cbcb995740a16ca4ba56e18f2, type: 3}
      propertyPath: m_LocalPosition.x
      value: 0
      objectReference: {fileID: 0}
    - target: {fileID: 3077441031354433861, guid: 23a2511cbcb995740a16ca4ba56e18f2, type: 3}
      propertyPath: m_LocalPosition.y
      value: 0
      objectReference: {fileID: 0}
    - target: {fileID: 3077441031354433861, guid: 23a2511cbcb995740a16ca4ba56e18f2, type: 3}
      propertyPath: m_LocalPosition.z
      value: -10
      objectReference: {fileID: 0}
    - target: {fileID: 3077441031354433861, guid: 23a2511cbcb995740a16ca4ba56e18f2, type: 3}
      propertyPath: m_LocalRotation.w
      value: 1
      objectReference: {fileID: 0}
    - target: {fileID: 3077441031354433861, guid: 23a2511cbcb995740a16ca4ba56e18f2, type: 3}
      propertyPath: m_LocalRotation.x
      value: 0
      objectReference: {fileID: 0}
    - target: {fileID: 3077441031354433861, guid: 23a2511cbcb995740a16ca4ba56e18f2, type: 3}
      propertyPath: m_LocalRotation.y
      value: 0
      objectReference: {fileID: 0}
    - target: {fileID: 3077441031354433861, guid: 23a2511cbcb995740a16ca4ba56e18f2, type: 3}
      propertyPath: m_LocalRotation.z
      value: 0
      objectReference: {fileID: 0}
    - target: {fileID: 3077441031354433861, guid: 23a2511cbcb995740a16ca4ba56e18f2, type: 3}
      propertyPath: m_LocalEulerAnglesHint.x
      value: 0
      objectReference: {fileID: 0}
    - target: {fileID: 3077441031354433861, guid: 23a2511cbcb995740a16ca4ba56e18f2, type: 3}
      propertyPath: m_LocalEulerAnglesHint.y
      value: 0
      objectReference: {fileID: 0}
    - target: {fileID: 3077441031354433861, guid: 23a2511cbcb995740a16ca4ba56e18f2, type: 3}
      propertyPath: m_LocalEulerAnglesHint.z
      value: 0
      objectReference: {fileID: 0}
    - target: {fileID: 6556578819490590776, guid: 23a2511cbcb995740a16ca4ba56e18f2, type: 3}
      propertyPath: m_Name
      value: Main Camera
      objectReference: {fileID: 0}
    m_RemovedComponents: []
    m_RemovedGameObjects: []
    m_AddedGameObjects: []
    m_AddedComponents: []
  m_SourcePrefab: {fileID: 100100000, guid: 23a2511cbcb995740a16ca4ba56e18f2, type: 3}
--- !u!1 &1424000977
GameObject:
  m_ObjectHideFlags: 0
  m_CorrespondingSourceObject: {fileID: 0}
  m_PrefabInstance: {fileID: 0}
  m_PrefabAsset: {fileID: 0}
  serializedVersion: 6
  m_Component:
  - component: {fileID: 1424000978}
  - component: {fileID: 1424000980}
  - component: {fileID: 1424000979}
  m_Layer: 0
  m_Name: Title
  m_TagString: Untagged
  m_Icon: {fileID: 0}
  m_NavMeshLayer: 0
  m_StaticEditorFlags: 0
  m_IsActive: 1
--- !u!224 &1424000978
RectTransform:
  m_ObjectHideFlags: 0
  m_CorrespondingSourceObject: {fileID: 0}
  m_PrefabInstance: {fileID: 0}
  m_PrefabAsset: {fileID: 0}
  m_GameObject: {fileID: 1424000977}
  m_LocalRotation: {x: 0, y: 0, z: 0, w: 1}
  m_LocalPosition: {x: 0, y: 0, z: 0}
  m_LocalScale: {x: 1, y: 1, z: 1}
  m_ConstrainProportionsScale: 0
  m_Children: []
  m_Father: {fileID: 934463069}
  m_LocalEulerAnglesHint: {x: 0, y: 0, z: 0}
  m_AnchorMin: {x: 0.5, y: 0.5}
  m_AnchorMax: {x: 0.5, y: 0.5}
  m_AnchoredPosition: {x: 0, y: 2.2636}
  m_SizeDelta: {x: 16.9918, y: 4.6315}
  m_Pivot: {x: 0.5, y: 0.5}
--- !u!114 &1424000979
MonoBehaviour:
  m_ObjectHideFlags: 0
  m_CorrespondingSourceObject: {fileID: 0}
  m_PrefabInstance: {fileID: 0}
  m_PrefabAsset: {fileID: 0}
  m_GameObject: {fileID: 1424000977}
  m_Enabled: 1
  m_EditorHideFlags: 0
  m_Script: {fileID: 11500000, guid: 9541d86e2fd84c1d9990edf0852d74ab, type: 3}
  m_Name: 
  m_EditorClassIdentifier: 
  m_Material: {fileID: 0}
  m_Color: {r: 1, g: 1, b: 1, a: 1}
  m_RaycastTarget: 1
  m_RaycastPadding: {x: 0, y: 0, z: 0, w: 0}
  m_Maskable: 1
  m_OnCullStateChanged:
    m_PersistentCalls:
      m_Calls: []
  m_text: "Vesm\xEDrn\xE9 \nvylomeniny"
  m_isRightToLeft: 0
  m_fontAsset: {fileID: 11400000, guid: 3047f55562255954e808e125b6e11cd5, type: 2}
  m_sharedMaterial: {fileID: -5757698546436944889, guid: 3047f55562255954e808e125b6e11cd5, type: 2}
  m_fontSharedMaterials: []
  m_fontMaterial: {fileID: 0}
  m_fontMaterials: []
  m_fontColor32:
    serializedVersion: 2
    rgba: 4294967295
  m_fontColor: {r: 1, g: 1, b: 1, a: 1}
  m_enableVertexGradient: 1
  m_colorMode: 2
  m_fontColorGradient:
    topLeft: {r: 0.7132075, g: 0.7132075, b: 0.7132075, a: 1}
    topRight: {r: 0.7132075, g: 0.7132075, b: 0.7132075, a: 1}
    bottomLeft: {r: 0.07924521, g: 0.07924521, b: 0.07924521, a: 1}
    bottomRight: {r: 0.07924521, g: 0.07924521, b: 0.07924521, a: 1}
  m_fontColorGradientPreset: {fileID: 0}
  m_spriteAsset: {fileID: 0}
  m_tintAllSprites: 0
  m_StyleSheet: {fileID: 0}
  m_TextStyleHashCode: -1183493901
  m_overrideHtmlColors: 0
  m_faceColor:
    serializedVersion: 2
    rgba: 4294967295
  m_fontSize: 19.6
  m_fontSizeBase: 19.6
  m_fontWeight: 400
  m_enableAutoSizing: 0
  m_fontSizeMin: 18
  m_fontSizeMax: 72
  m_fontStyle: 1
  m_HorizontalAlignment: 2
  m_VerticalAlignment: 256
  m_textAlignment: 65535
  m_characterSpacing: 0
  m_wordSpacing: 0
  m_lineSpacing: 0
  m_lineSpacingMax: 0
  m_paragraphSpacing: 0
  m_charWidthMaxAdj: 0
  m_enableWordWrapping: 1
  m_wordWrappingRatios: 0.4
  m_overflowMode: 0
  m_linkedTextComponent: {fileID: 0}
  parentLinkedComponent: {fileID: 0}
  m_enableKerning: 1
  m_enableExtraPadding: 0
  checkPaddingRequired: 0
  m_isRichText: 1
  m_parseCtrlCharacters: 1
  m_isOrthographic: 0
  m_isCullingEnabled: 0
  m_horizontalMapping: 0
  m_verticalMapping: 0
  m_uvLineOffset: 0
  m_geometrySortingOrder: 0
  m_IsTextObjectScaleStatic: 0
  m_VertexBufferAutoSizeReduction: 0
  m_useMaxVisibleDescender: 1
  m_pageToDisplay: 1
  m_margin: {x: 0, y: 0, z: 0, w: 0}
  m_isUsingLegacyAnimationComponent: 0
  m_isVolumetricText: 0
  _SortingLayer: 0
  _SortingLayerID: 0
  _SortingOrder: 0
  m_hasFontAssetChanged: 0
  m_renderer: {fileID: 1424000980}
  m_maskType: 0
--- !u!23 &1424000980
MeshRenderer:
  m_ObjectHideFlags: 0
  m_CorrespondingSourceObject: {fileID: 0}
  m_PrefabInstance: {fileID: 0}
  m_PrefabAsset: {fileID: 0}
  m_GameObject: {fileID: 1424000977}
  m_Enabled: 1
  m_CastShadows: 0
  m_ReceiveShadows: 0
  m_DynamicOccludee: 1
  m_StaticShadowCaster: 0
  m_MotionVectors: 1
  m_LightProbeUsage: 1
  m_ReflectionProbeUsage: 1
  m_RayTracingMode: 2
  m_RayTraceProcedural: 0
  m_RenderingLayerMask: 1
  m_RendererPriority: 0
  m_Materials:
  - {fileID: -5757698546436944889, guid: 3047f55562255954e808e125b6e11cd5, type: 2}
  m_StaticBatchInfo:
    firstSubMesh: 0
    subMeshCount: 0
  m_StaticBatchRoot: {fileID: 0}
  m_ProbeAnchor: {fileID: 0}
  m_LightProbeVolumeOverride: {fileID: 0}
  m_ScaleInLightmap: 1
  m_ReceiveGI: 1
  m_PreserveUVs: 0
  m_IgnoreNormalsForChartDetection: 0
  m_ImportantGI: 0
  m_StitchLightmapSeams: 1
  m_SelectedEditorRenderState: 3
  m_MinimumChartSize: 4
  m_AutoUVMaxDistance: 0.5
  m_AutoUVMaxAngle: 89
  m_LightmapParameters: {fileID: 0}
  m_SortingLayerID: 893942277
  m_SortingLayer: 1
  m_SortingOrder: 0
  m_AdditionalVertexStreams: {fileID: 0}
--- !u!1001 &1463176078
PrefabInstance:
  m_ObjectHideFlags: 0
  serializedVersion: 2
  m_Modification:
    serializedVersion: 3
    m_TransformParent: {fileID: 934463069}
    m_Modifications:
    - target: {fileID: 5266641823265032027, guid: 336811e851e77f6409f45ab9a948cb60, type: 3}
      propertyPath: m_LocalPosition.x
      value: 4.86
      objectReference: {fileID: 0}
    - target: {fileID: 5266641823265032027, guid: 336811e851e77f6409f45ab9a948cb60, type: 3}
      propertyPath: m_LocalPosition.y
      value: -2.9298
      objectReference: {fileID: 0}
    - target: {fileID: 5266641823265032027, guid: 336811e851e77f6409f45ab9a948cb60, type: 3}
      propertyPath: m_LocalPosition.z
      value: -0.092057474
      objectReference: {fileID: 0}
    - target: {fileID: 5266641823265032027, guid: 336811e851e77f6409f45ab9a948cb60, type: 3}
      propertyPath: m_LocalRotation.w
      value: 1
      objectReference: {fileID: 0}
    - target: {fileID: 5266641823265032027, guid: 336811e851e77f6409f45ab9a948cb60, type: 3}
      propertyPath: m_LocalRotation.x
      value: -0
      objectReference: {fileID: 0}
    - target: {fileID: 5266641823265032027, guid: 336811e851e77f6409f45ab9a948cb60, type: 3}
      propertyPath: m_LocalRotation.y
      value: -0
      objectReference: {fileID: 0}
    - target: {fileID: 5266641823265032027, guid: 336811e851e77f6409f45ab9a948cb60, type: 3}
      propertyPath: m_LocalRotation.z
      value: -0
      objectReference: {fileID: 0}
    - target: {fileID: 5266641823265032027, guid: 336811e851e77f6409f45ab9a948cb60, type: 3}
      propertyPath: m_LocalEulerAnglesHint.x
      value: 0
      objectReference: {fileID: 0}
    - target: {fileID: 5266641823265032027, guid: 336811e851e77f6409f45ab9a948cb60, type: 3}
      propertyPath: m_LocalEulerAnglesHint.y
      value: 0
      objectReference: {fileID: 0}
    - target: {fileID: 5266641823265032027, guid: 336811e851e77f6409f45ab9a948cb60, type: 3}
      propertyPath: m_LocalEulerAnglesHint.z
      value: 0
      objectReference: {fileID: 0}
    - target: {fileID: 7930192334394114546, guid: 336811e851e77f6409f45ab9a948cb60, type: 3}
      propertyPath: m_Name
      value: ScoreTable (2)
      objectReference: {fileID: 0}
    - target: {fileID: 8482148625194580062, guid: 336811e851e77f6409f45ab9a948cb60, type: 3}
      propertyPath: m_text
      value: "Ukon\u010Dit"
      objectReference: {fileID: 0}
    m_RemovedComponents: []
    m_RemovedGameObjects: []
    m_AddedGameObjects: []
    m_AddedComponents:
    - targetCorrespondingSourceObject: {fileID: 7930192334394114546, guid: 336811e851e77f6409f45ab9a948cb60, type: 3}
      insertIndex: -1
      addedObject: {fileID: 1527528572}
    - targetCorrespondingSourceObject: {fileID: 8102137585613914363, guid: 336811e851e77f6409f45ab9a948cb60, type: 3}
      insertIndex: -1
      addedObject: {fileID: 0}
  m_SourcePrefab: {fileID: 100100000, guid: 336811e851e77f6409f45ab9a948cb60, type: 3}
--- !u!1001 &1491071373
PrefabInstance:
  m_ObjectHideFlags: 0
  serializedVersion: 2
  m_Modification:
    serializedVersion: 3
    m_TransformParent: {fileID: 934463069}
    m_Modifications:
    - target: {fileID: 5266641823265032027, guid: 336811e851e77f6409f45ab9a948cb60, type: 3}
      propertyPath: m_LocalPosition.x
      value: 4.86
      objectReference: {fileID: 0}
    - target: {fileID: 5266641823265032027, guid: 336811e851e77f6409f45ab9a948cb60, type: 3}
      propertyPath: m_LocalPosition.y
      value: -1.7980001
      objectReference: {fileID: 0}
    - target: {fileID: 5266641823265032027, guid: 336811e851e77f6409f45ab9a948cb60, type: 3}
      propertyPath: m_LocalPosition.z
      value: -0.092057474
      objectReference: {fileID: 0}
    - target: {fileID: 5266641823265032027, guid: 336811e851e77f6409f45ab9a948cb60, type: 3}
      propertyPath: m_LocalRotation.w
      value: 1
      objectReference: {fileID: 0}
    - target: {fileID: 5266641823265032027, guid: 336811e851e77f6409f45ab9a948cb60, type: 3}
      propertyPath: m_LocalRotation.x
      value: -0
      objectReference: {fileID: 0}
    - target: {fileID: 5266641823265032027, guid: 336811e851e77f6409f45ab9a948cb60, type: 3}
      propertyPath: m_LocalRotation.y
      value: -0
      objectReference: {fileID: 0}
    - target: {fileID: 5266641823265032027, guid: 336811e851e77f6409f45ab9a948cb60, type: 3}
      propertyPath: m_LocalRotation.z
      value: -0
      objectReference: {fileID: 0}
    - target: {fileID: 5266641823265032027, guid: 336811e851e77f6409f45ab9a948cb60, type: 3}
      propertyPath: m_LocalEulerAnglesHint.x
      value: 0
      objectReference: {fileID: 0}
    - target: {fileID: 5266641823265032027, guid: 336811e851e77f6409f45ab9a948cb60, type: 3}
      propertyPath: m_LocalEulerAnglesHint.y
      value: 0
      objectReference: {fileID: 0}
    - target: {fileID: 5266641823265032027, guid: 336811e851e77f6409f45ab9a948cb60, type: 3}
      propertyPath: m_LocalEulerAnglesHint.z
      value: 0
      objectReference: {fileID: 0}
    - target: {fileID: 7930192334394114546, guid: 336811e851e77f6409f45ab9a948cb60, type: 3}
      propertyPath: m_Name
      value: ScoreTable (1)
      objectReference: {fileID: 0}
    - target: {fileID: 8482148625194580062, guid: 336811e851e77f6409f45ab9a948cb60, type: 3}
      propertyPath: m_text
      value: "O h\u0159e"
      objectReference: {fileID: 0}
    m_RemovedComponents: []
    m_RemovedGameObjects: []
    m_AddedGameObjects: []
    m_AddedComponents:
    - targetCorrespondingSourceObject: {fileID: 7930192334394114546, guid: 336811e851e77f6409f45ab9a948cb60, type: 3}
      insertIndex: -1
      addedObject: {fileID: 1748404753}
    - targetCorrespondingSourceObject: {fileID: 8102137585613914363, guid: 336811e851e77f6409f45ab9a948cb60, type: 3}
      insertIndex: -1
      addedObject: {fileID: 0}
  m_SourcePrefab: {fileID: 100100000, guid: 336811e851e77f6409f45ab9a948cb60, type: 3}
--- !u!1 &1527528570 stripped
GameObject:
  m_CorrespondingSourceObject: {fileID: 7930192334394114546, guid: 336811e851e77f6409f45ab9a948cb60, type: 3}
  m_PrefabInstance: {fileID: 1463176078}
  m_PrefabAsset: {fileID: 0}
--- !u!4 &1527528571 stripped
Transform:
  m_CorrespondingSourceObject: {fileID: 5266641823265032027, guid: 336811e851e77f6409f45ab9a948cb60, type: 3}
  m_PrefabInstance: {fileID: 1463176078}
  m_PrefabAsset: {fileID: 0}
--- !u!114 &1527528572
MonoBehaviour:
  m_ObjectHideFlags: 0
  m_CorrespondingSourceObject: {fileID: 0}
  m_PrefabInstance: {fileID: 0}
  m_PrefabAsset: {fileID: 0}
  m_GameObject: {fileID: 1527528570}
  m_Enabled: 1
  m_EditorHideFlags: 0
  m_Script: {fileID: 11500000, guid: 2dad0d0fe4394cc418b12fc8588ec5ed, type: 3}
  m_Name: 
  m_EditorClassIdentifier: 
--- !u!4 &1748404747 stripped
Transform:
  m_CorrespondingSourceObject: {fileID: 5266641823265032027, guid: 336811e851e77f6409f45ab9a948cb60, type: 3}
  m_PrefabInstance: {fileID: 1491071373}
  m_PrefabAsset: {fileID: 0}
--- !u!114 &1748404753
MonoBehaviour:
  m_ObjectHideFlags: 0
  m_CorrespondingSourceObject: {fileID: 0}
  m_PrefabInstance: {fileID: 0}
  m_PrefabAsset: {fileID: 0}
  m_GameObject: {fileID: 675632119}
  m_Enabled: 1
  m_EditorHideFlags: 0
  m_Script: {fileID: 11500000, guid: c7eaa57d3d799714db094cfb17e3604f, type: 3}
  m_Name: 
  m_EditorClassIdentifier: 
  sceneName: About
--- !u!1001 &1804599684
PrefabInstance:
  m_ObjectHideFlags: 0
  serializedVersion: 2
  m_Modification:
    serializedVersion: 3
    m_TransformParent: {fileID: 0}
    m_Modifications:
    - target: {fileID: 6238474914347051825, guid: ae87e526d9e2f374abbd289605557fc6, type: 3}
      propertyPath: m_LocalPosition.x
      value: 0
      objectReference: {fileID: 0}
    - target: {fileID: 6238474914347051825, guid: ae87e526d9e2f374abbd289605557fc6, type: 3}
      propertyPath: m_LocalPosition.y
      value: 0
      objectReference: {fileID: 0}
    - target: {fileID: 6238474914347051825, guid: ae87e526d9e2f374abbd289605557fc6, type: 3}
      propertyPath: m_LocalPosition.z
      value: 0
      objectReference: {fileID: 0}
    - target: {fileID: 6238474914347051825, guid: ae87e526d9e2f374abbd289605557fc6, type: 3}
      propertyPath: m_LocalRotation.w
      value: 1
      objectReference: {fileID: 0}
    - target: {fileID: 6238474914347051825, guid: ae87e526d9e2f374abbd289605557fc6, type: 3}
      propertyPath: m_LocalRotation.x
      value: 0
      objectReference: {fileID: 0}
    - target: {fileID: 6238474914347051825, guid: ae87e526d9e2f374abbd289605557fc6, type: 3}
      propertyPath: m_LocalRotation.y
      value: 0
      objectReference: {fileID: 0}
    - target: {fileID: 6238474914347051825, guid: ae87e526d9e2f374abbd289605557fc6, type: 3}
      propertyPath: m_LocalRotation.z
      value: 0
      objectReference: {fileID: 0}
    - target: {fileID: 6238474914347051825, guid: ae87e526d9e2f374abbd289605557fc6, type: 3}
      propertyPath: m_LocalEulerAnglesHint.x
      value: 0
      objectReference: {fileID: 0}
    - target: {fileID: 6238474914347051825, guid: ae87e526d9e2f374abbd289605557fc6, type: 3}
      propertyPath: m_LocalEulerAnglesHint.y
      value: 0
      objectReference: {fileID: 0}
    - target: {fileID: 6238474914347051825, guid: ae87e526d9e2f374abbd289605557fc6, type: 3}
      propertyPath: m_LocalEulerAnglesHint.z
      value: 0
      objectReference: {fileID: 0}
    - target: {fileID: 6238474914347051826, guid: ae87e526d9e2f374abbd289605557fc6, type: 3}
      propertyPath: m_Name
      value: Input
      objectReference: {fileID: 0}
    m_RemovedComponents: []
    m_RemovedGameObjects: []
    m_AddedGameObjects: []
    m_AddedComponents: []
  m_SourcePrefab: {fileID: 100100000, guid: ae87e526d9e2f374abbd289605557fc6, type: 3}
--- !u!1001 &1905836897
PrefabInstance:
  m_ObjectHideFlags: 0
  serializedVersion: 2
  m_Modification:
    serializedVersion: 3
    m_TransformParent: {fileID: 934463069}
    m_Modifications:
    - target: {fileID: 5266641823265032027, guid: 336811e851e77f6409f45ab9a948cb60, type: 3}
      propertyPath: m_LocalPosition.x
      value: -4.86
      objectReference: {fileID: 0}
    - target: {fileID: 5266641823265032027, guid: 336811e851e77f6409f45ab9a948cb60, type: 3}
      propertyPath: m_LocalPosition.y
      value: -1.7980001
      objectReference: {fileID: 0}
    - target: {fileID: 5266641823265032027, guid: 336811e851e77f6409f45ab9a948cb60, type: 3}
      propertyPath: m_LocalPosition.z
      value: -0.092057474
      objectReference: {fileID: 0}
    - target: {fileID: 5266641823265032027, guid: 336811e851e77f6409f45ab9a948cb60, type: 3}
      propertyPath: m_LocalRotation.w
      value: 1
      objectReference: {fileID: 0}
    - target: {fileID: 5266641823265032027, guid: 336811e851e77f6409f45ab9a948cb60, type: 3}
      propertyPath: m_LocalRotation.x
      value: -0
      objectReference: {fileID: 0}
    - target: {fileID: 5266641823265032027, guid: 336811e851e77f6409f45ab9a948cb60, type: 3}
      propertyPath: m_LocalRotation.y
      value: -0
      objectReference: {fileID: 0}
    - target: {fileID: 5266641823265032027, guid: 336811e851e77f6409f45ab9a948cb60, type: 3}
      propertyPath: m_LocalRotation.z
      value: -0
      objectReference: {fileID: 0}
    - target: {fileID: 5266641823265032027, guid: 336811e851e77f6409f45ab9a948cb60, type: 3}
      propertyPath: m_LocalEulerAnglesHint.x
      value: 0
      objectReference: {fileID: 0}
    - target: {fileID: 5266641823265032027, guid: 336811e851e77f6409f45ab9a948cb60, type: 3}
      propertyPath: m_LocalEulerAnglesHint.y
      value: 0
      objectReference: {fileID: 0}
    - target: {fileID: 5266641823265032027, guid: 336811e851e77f6409f45ab9a948cb60, type: 3}
      propertyPath: m_LocalEulerAnglesHint.z
      value: 0
      objectReference: {fileID: 0}
    - target: {fileID: 7930192334394114546, guid: 336811e851e77f6409f45ab9a948cb60, type: 3}
      propertyPath: m_Name
      value: ScoreTable
      objectReference: {fileID: 0}
    m_RemovedComponents: []
    m_RemovedGameObjects: []
    m_AddedGameObjects: []
    m_AddedComponents:
    - targetCorrespondingSourceObject: {fileID: 7930192334394114546, guid: 336811e851e77f6409f45ab9a948cb60, type: 3}
      insertIndex: -1
      addedObject: {fileID: 2146475358}
    - targetCorrespondingSourceObject: {fileID: 8102137585613914363, guid: 336811e851e77f6409f45ab9a948cb60, type: 3}
      insertIndex: -1
      addedObject: {fileID: 0}
  m_SourcePrefab: {fileID: 100100000, guid: 336811e851e77f6409f45ab9a948cb60, type: 3}
--- !u!1 &1990368347
GameObject:
  m_ObjectHideFlags: 0
  m_CorrespondingSourceObject: {fileID: 0}
  m_PrefabInstance: {fileID: 0}
  m_PrefabAsset: {fileID: 0}
  serializedVersion: 6
  m_Component:
  - component: {fileID: 1990368348}
  - component: {fileID: 1990368350}
  - component: {fileID: 1990368349}
  m_Layer: 0
  m_Name: Text
  m_TagString: Untagged
  m_Icon: {fileID: 0}
  m_NavMeshLayer: 0
  m_StaticEditorFlags: 0
  m_IsActive: 1
--- !u!224 &1990368348
RectTransform:
  m_ObjectHideFlags: 0
  m_CorrespondingSourceObject: {fileID: 0}
  m_PrefabInstance: {fileID: 0}
  m_PrefabAsset: {fileID: 0}
  m_GameObject: {fileID: 1990368347}
  m_LocalRotation: {x: 0, y: 0, z: 0, w: 1}
  m_LocalPosition: {x: 0, y: 0, z: 0}
  m_LocalScale: {x: 1, y: 1, z: 1}
  m_ConstrainProportionsScale: 0
  m_Children: []
  m_Father: {fileID: 296292517}
  m_LocalEulerAnglesHint: {x: 0, y: 0, z: 0}
  m_AnchorMin: {x: 0.5, y: 0.5}
  m_AnchorMax: {x: 0.5, y: 0.5}
  m_AnchoredPosition: {x: 0, y: -0.859}
  m_SizeDelta: {x: 3.5564, y: 0.8005}
  m_Pivot: {x: 0.5, y: 0.5}
--- !u!114 &1990368349
MonoBehaviour:
  m_ObjectHideFlags: 0
  m_CorrespondingSourceObject: {fileID: 0}
  m_PrefabInstance: {fileID: 0}
  m_PrefabAsset: {fileID: 0}
  m_GameObject: {fileID: 1990368347}
  m_Enabled: 1
  m_EditorHideFlags: 0
  m_Script: {fileID: 11500000, guid: 9541d86e2fd84c1d9990edf0852d74ab, type: 3}
  m_Name: 
  m_EditorClassIdentifier: 
  m_Material: {fileID: 0}
  m_Color: {r: 1, g: 1, b: 1, a: 1}
  m_RaycastTarget: 1
  m_RaycastPadding: {x: 0, y: 0, z: 0, w: 0}
  m_Maskable: 1
  m_OnCullStateChanged:
    m_PersistentCalls:
      m_Calls: []
  m_text: Spustit hru
  m_isRightToLeft: 0
  m_fontAsset: {fileID: 11400000, guid: f98c65268aa6fe742b8206668a8cece7, type: 2}
  m_sharedMaterial: {fileID: 822524638213763214, guid: f98c65268aa6fe742b8206668a8cece7, type: 2}
  m_fontSharedMaterials: []
  m_fontMaterial: {fileID: 0}
  m_fontMaterials: []
  m_fontColor32:
    serializedVersion: 2
    rgba: 4294967295
  m_fontColor: {r: 1, g: 1, b: 1, a: 1}
  m_enableVertexGradient: 0
  m_colorMode: 3
  m_fontColorGradient:
    topLeft: {r: 1, g: 1, b: 1, a: 1}
    topRight: {r: 1, g: 1, b: 1, a: 1}
    bottomLeft: {r: 1, g: 1, b: 1, a: 1}
    bottomRight: {r: 1, g: 1, b: 1, a: 1}
  m_fontColorGradientPreset: {fileID: 0}
  m_spriteAsset: {fileID: 0}
  m_tintAllSprites: 0
  m_StyleSheet: {fileID: 0}
  m_TextStyleHashCode: -1183493901
  m_overrideHtmlColors: 0
  m_faceColor:
    serializedVersion: 2
    rgba: 4294967295
  m_fontSize: 5.56
  m_fontSizeBase: 5.56
  m_fontWeight: 400
  m_enableAutoSizing: 0
  m_fontSizeMin: 18
  m_fontSizeMax: 72
  m_fontStyle: 0
  m_HorizontalAlignment: 2
  m_VerticalAlignment: 512
  m_textAlignment: 65535
  m_characterSpacing: 0
  m_wordSpacing: 0
  m_lineSpacing: 0
  m_lineSpacingMax: 0
  m_paragraphSpacing: 0
  m_charWidthMaxAdj: 0
  m_enableWordWrapping: 1
  m_wordWrappingRatios: 0.4
  m_overflowMode: 0
  m_linkedTextComponent: {fileID: 0}
  parentLinkedComponent: {fileID: 0}
  m_enableKerning: 1
  m_enableExtraPadding: 0
  checkPaddingRequired: 0
  m_isRichText: 1
  m_parseCtrlCharacters: 1
  m_isOrthographic: 0
  m_isCullingEnabled: 0
  m_horizontalMapping: 0
  m_verticalMapping: 0
  m_uvLineOffset: 0
  m_geometrySortingOrder: 0
  m_IsTextObjectScaleStatic: 0
  m_VertexBufferAutoSizeReduction: 0
  m_useMaxVisibleDescender: 1
  m_pageToDisplay: 1
  m_margin: {x: 0, y: 0, z: 0, w: 0}
  m_isUsingLegacyAnimationComponent: 0
  m_isVolumetricText: 0
  _SortingLayer: 0
  _SortingLayerID: 0
  _SortingOrder: 0
  m_hasFontAssetChanged: 0
  m_renderer: {fileID: 1990368350}
  m_maskType: 0
--- !u!23 &1990368350
MeshRenderer:
  m_ObjectHideFlags: 0
  m_CorrespondingSourceObject: {fileID: 0}
  m_PrefabInstance: {fileID: 0}
  m_PrefabAsset: {fileID: 0}
  m_GameObject: {fileID: 1990368347}
  m_Enabled: 1
  m_CastShadows: 0
  m_ReceiveShadows: 0
  m_DynamicOccludee: 1
  m_StaticShadowCaster: 0
  m_MotionVectors: 1
  m_LightProbeUsage: 1
  m_ReflectionProbeUsage: 1
  m_RayTracingMode: 2
  m_RayTraceProcedural: 0
  m_RenderingLayerMask: 1
  m_RendererPriority: 0
  m_Materials:
  - {fileID: 822524638213763214, guid: f98c65268aa6fe742b8206668a8cece7, type: 2}
  m_StaticBatchInfo:
    firstSubMesh: 0
    subMeshCount: 0
  m_StaticBatchRoot: {fileID: 0}
  m_ProbeAnchor: {fileID: 0}
  m_LightProbeVolumeOverride: {fileID: 0}
  m_ScaleInLightmap: 1
  m_ReceiveGI: 1
  m_PreserveUVs: 0
  m_IgnoreNormalsForChartDetection: 0
  m_ImportantGI: 0
  m_StitchLightmapSeams: 1
  m_SelectedEditorRenderState: 3
  m_MinimumChartSize: 4
  m_AutoUVMaxDistance: 0.5
  m_AutoUVMaxAngle: 89
  m_LightmapParameters: {fileID: 0}
  m_SortingLayerID: 893942277
  m_SortingLayer: 1
  m_SortingOrder: 10
  m_AdditionalVertexStreams: {fileID: 0}
--- !u!4 &2146475352 stripped
Transform:
  m_CorrespondingSourceObject: {fileID: 5266641823265032027, guid: 336811e851e77f6409f45ab9a948cb60, type: 3}
  m_PrefabInstance: {fileID: 1905836897}
  m_PrefabAsset: {fileID: 0}
--- !u!114 &2146475358
MonoBehaviour:
  m_ObjectHideFlags: 0
  m_CorrespondingSourceObject: {fileID: 0}
  m_PrefabInstance: {fileID: 0}
  m_PrefabAsset: {fileID: 0}
  m_GameObject: {fileID: 236413099}
  m_Enabled: 1
  m_EditorHideFlags: 0
  m_Script: {fileID: 11500000, guid: c7eaa57d3d799714db094cfb17e3604f, type: 3}
  m_Name: 
  m_EditorClassIdentifier: 
  sceneName: HighScores
--- !u!1001 &2169181305872242900
PrefabInstance:
  m_ObjectHideFlags: 0
  serializedVersion: 2
  m_Modification:
    serializedVersion: 3
    m_TransformParent: {fileID: 934463069}
    m_Modifications:
    - target: {fileID: 1836621013342955032, guid: 336811e851e77f6409f45ab9a948cb60, type: 3}
      propertyPath: m_Size.x
      value: 4.2760167
      objectReference: {fileID: 0}
    - target: {fileID: 1836621013342955032, guid: 336811e851e77f6409f45ab9a948cb60, type: 3}
      propertyPath: m_Size.y
      value: 3.2317128
      objectReference: {fileID: 0}
    - target: {fileID: 5266641823265032027, guid: 336811e851e77f6409f45ab9a948cb60, type: 3}
      propertyPath: m_LocalPosition.x
      value: 0
      objectReference: {fileID: 0}
    - target: {fileID: 5266641823265032027, guid: 336811e851e77f6409f45ab9a948cb60, type: 3}
      propertyPath: m_LocalPosition.y
      value: -2.38
      objectReference: {fileID: 0}
    - target: {fileID: 5266641823265032027, guid: 336811e851e77f6409f45ab9a948cb60, type: 3}
      propertyPath: m_LocalPosition.z
      value: -0.092057474
      objectReference: {fileID: 0}
    - target: {fileID: 5266641823265032027, guid: 336811e851e77f6409f45ab9a948cb60, type: 3}
      propertyPath: m_LocalRotation.w
      value: 1
      objectReference: {fileID: 0}
    - target: {fileID: 5266641823265032027, guid: 336811e851e77f6409f45ab9a948cb60, type: 3}
      propertyPath: m_LocalRotation.x
      value: -0
      objectReference: {fileID: 0}
    - target: {fileID: 5266641823265032027, guid: 336811e851e77f6409f45ab9a948cb60, type: 3}
      propertyPath: m_LocalRotation.y
      value: -0
      objectReference: {fileID: 0}
    - target: {fileID: 5266641823265032027, guid: 336811e851e77f6409f45ab9a948cb60, type: 3}
      propertyPath: m_LocalRotation.z
      value: -0
      objectReference: {fileID: 0}
    - target: {fileID: 5266641823265032027, guid: 336811e851e77f6409f45ab9a948cb60, type: 3}
      propertyPath: m_LocalEulerAnglesHint.x
      value: 0
      objectReference: {fileID: 0}
    - target: {fileID: 5266641823265032027, guid: 336811e851e77f6409f45ab9a948cb60, type: 3}
      propertyPath: m_LocalEulerAnglesHint.y
      value: 0
      objectReference: {fileID: 0}
    - target: {fileID: 5266641823265032027, guid: 336811e851e77f6409f45ab9a948cb60, type: 3}
      propertyPath: m_LocalEulerAnglesHint.z
      value: 0
      objectReference: {fileID: 0}
    - target: {fileID: 7480547249800904591, guid: 336811e851e77f6409f45ab9a948cb60, type: 3}
      propertyPath: m_Size.x
      value: 4.2760167
      objectReference: {fileID: 0}
    - target: {fileID: 7480547249800904591, guid: 336811e851e77f6409f45ab9a948cb60, type: 3}
      propertyPath: m_Size.y
      value: 3.2317128
      objectReference: {fileID: 0}
    - target: {fileID: 7930192334394114546, guid: 336811e851e77f6409f45ab9a948cb60, type: 3}
      propertyPath: m_Name
      value: PlayButton
      objectReference: {fileID: 0}
    - target: {fileID: 8336110247758391693, guid: 336811e851e77f6409f45ab9a948cb60, type: 3}
      propertyPath: m_Size.y
      value: 3.2377648
      objectReference: {fileID: 0}
    - target: {fileID: 8336110247758391693, guid: 336811e851e77f6409f45ab9a948cb60, type: 3}
      propertyPath: m_SpriteTilingProperty.newSize.x
      value: 3.759989
      objectReference: {fileID: 0}
    - target: {fileID: 8336110247758391693, guid: 336811e851e77f6409f45ab9a948cb60, type: 3}
      propertyPath: m_SpriteTilingProperty.newSize.y
      value: 3.2692509
      objectReference: {fileID: 0}
    m_RemovedComponents: []
    m_RemovedGameObjects:
    - {fileID: 8102137585613914363, guid: 336811e851e77f6409f45ab9a948cb60, type: 3}
    m_AddedGameObjects:
    - targetCorrespondingSourceObject: {fileID: 5266641823265032027, guid: 336811e851e77f6409f45ab9a948cb60, type: 3}
      insertIndex: -1
      addedObject: {fileID: 681788099}
    - targetCorrespondingSourceObject: {fileID: 5266641823265032027, guid: 336811e851e77f6409f45ab9a948cb60, type: 3}
      insertIndex: -1
      addedObject: {fileID: 1990368348}
    m_AddedComponents:
    - targetCorrespondingSourceObject: {fileID: 7930192334394114546, guid: 336811e851e77f6409f45ab9a948cb60, type: 3}
      insertIndex: -1
      addedObject: {fileID: 296292522}
  m_SourcePrefab: {fileID: 100100000, guid: 336811e851e77f6409f45ab9a948cb60, type: 3}
--- !u!1660057539 &9223372036854775807
SceneRoots:
  m_ObjectHideFlags: 0
  m_Roots:
  - {fileID: 1322166852}
  - {fileID: 1804599684}
  - {fileID: 934463069}
